3074 4934
624 237 759 332 oa'

70 442 242 527 excipiebat,
266 443 513 530 credebaturque
536 444 681 524 sentire⁶,
705 468 800 531 quem
820 448 958 514 veheret.
1002 447 1124 532 Majore
1145 469 1232 534 ergo,

70 571 157 632 quam
184 551 328 628 decebat,
355 550 403 614 ira
430 573 466 616 ac
494 552 602 618 dolore
631 557 807 618 commotus
831 575 947 638 equum
969 554 1121 638 vestigari
1139 555 1267 638 jubet*

71 661 98 720 et
126 679 182 742 per
213 657 416 742 interpretem
443 659 654 742 pronuntiari,
680 661 714 723 ni
739 660 959 740 reddidissent,
986 660 1143 726 neminem
1165 683 1233 726 esse

68 764 224 829 victurum.
280 763 350 828 Hae
382 765 616 830 denuntiatione
653 767 755 831 territi
792 787 909 850 equum
946 768 1113 832 adducunt.
1157 767 1234 834 Inde
1253 777 1267 805 *

68 871 170 954 quinto
193 872 245 936 die
267 871 301 936 in
323 871 516 956 Hyrcaniam
539 873 717 938 revertitur.
1252 883 1268 936 5

107 1039 155 1097 40.
200 1033 323 1097 Deinde
355 1033 502 1112 Bessum,
539 1033 594 1117 qui
626 1039 713 1100 veste
744 1035 833 1120 regia
865 1039 992 1119 sumpta
1023 1035 1233 1101 Artaxerxem

69 1139 213 1222 appellari
246 1161 280 1204 se
308 1140 465 1223 jusserat1
492 1140 690 1226 Scythasque
721 1145 754 1204 et
786 1145 907 1206 ceteros
938 1140 1078 1206 Jaxartis
1111 1141 1233 1207 accolas
1343 1154 1344 1158 ’

70 1244 282 1324 contrahebat,
313 1245 399 1332 bello
430 1247 578 1331 persequi
609 1247 731 1312 statuit.
777 1247 915 1313 Sareinis
945 1249 1046 1314 totius
1079 1247 1234 1314 exercitus

68 1357 184 1434 praeter
214 1353 351 1417 maxime
382 1355 572 1418 necessarias
605 1354 777 1420 combustis
809 1355 843 1419 in
874 1354 1077 1420 Bactrianam
1108 1355 1234 1441 profici·

70 1457 178 1524 acenti²
201 1459 328 1524 litterae
350 1461 533 1540 afferuntur,
556 1462 704 1546 equibus
720 1461 892 1546 cognoscit,
916 1461 1161 1540 Satibarzanen,
1184 1462 1236 1526 cui
1255 1469 1289 1523 10

69 1565 128 1648 ipse
150 1566 246 1649 paulo
269 1571 342 1632 ante
358 1566 510 1632 Ariorum
533 1568 704 1651 satrapiam
725 1567 916 1648 restituerat,
939 1567 1099 1636 defecisse.
1134 1569 1236 1647 Quem

69 1676 101 1734 ut
114 1673 312 1756 opprimeret,
334 1673 396 1738 iter
415 1674 455 1738 ad
474 1674 637 1739 meridiem
660 1675 822 1740 convertit.
861 1673 997 1760 Cognito
1014 1675 1081 1758 ejus
1097 1676 1236 1768 adventu

70 1777 280 1844 Satibarzanes
317 1801 389 1844 cum
427 1779 550 1845 duobus
588 1779 719 1844 milibus
759 1781 901 1864 equitum
932 1781 1048 1846 Bactra
1085 1781 1235 1866 perfugit.

69 1884 166 1950 Ariis
193 1887 228 1950 in
256 1887 411 1952 dicionem
434 1909 524 1952 suam
546 1885 703 1952 redactis⁸
725 1887 900 1974 Drangas
922 1886 1030 1972 petit4.
1075 1887 1126 1953 Ibi
1149 1909 1235 1953 oom-

69 1993 198 2058 moranti
214 1993 423 2058 domesticae⁶
437 1993 570 2059 insidiae
584 1997 747 2078 parantur,
767 2016 903 2078 quarum
916 1995 1075 2080 particeps
1089 1995 1236 2080 Dymnus
1256 2003 1288 2056 15

70 2098 328 2182 comprehensus⁶
359 2103 458 2164 semet
487 2101 555 2186 ipse
580 2100 748 2166 interfecit.
800 2099 909 2166 Etiam
935 2100 1079 2166 Philotas
1106 2102 1235 2166 Parme-

69 2207 164 2270 nionis
187 2207 272 2270 filius
295 2206 329 2270 in
351 2207 561 2290 suspicionem
583 2210 722 2286 venerat,
746 2229 840 2292 quern
862 2229 928 2286 rex,
950 2207 1079 2272 Cratero
1099 2209 1236 2273 maxime

69 2311 247 2398 instigante,
274 2313 416 2398 torqueri
438 2313 566 2397 jussit1,
593 2319 630 2378 ut
656 2314 760 2380 socios
787 2314 975 2380 nominaret.
1024 2313 1153 2379 Primo⁷
1180 2314 1236 2380 ille

69 2418 188 2483 fortiter
214 2419 356 2484 dolorem
382 2419 456 2497 fert,
488 2419 598 2486 deinde
629 2421 786 2486 laceratus
818 2420 926 2485 omnia
957 2442 991 2485 se
1019 2420 1237 2486 confessurum

69 2525 230 2608 promittit.
276 2525 460 2604 Confitetur,
482 2526 706 2612 Hegelochum
728 2527 806 2592 olim
828 2527 992 2591 tribunum
1014 2527 1167 2612 equitum,
1188 2529 1237 2592 in·
1255 2535 1290 2590 20

70 2631 158 2717 digne
189 2633 356 2708 ferentem,
389 2633 474 2716 quod
501 2632 592 2698 Jovis
624 2635 726 2699 filium
759 2655 792 2699 ae
824 2633 957 2700 salutari
978 2634 1146 2718 jussisset1
1173 2657 1238 2714 rex,

69 2737 266 2804 Parmenioni
303 2740 426 2824 sibique
464 2745 625 2806 auctorem
661 2741 760 2806 fixisse
791 2742 876 2826 regis
907 2739 1137 2821 interimendi⁸,
1168 2763 1238 2806 eam

69 2866 138 2911 uero
159 2868 237 2925 rem,
259 2848 335 2912 dum
354 2847 471 2912 Darius
493 2847 527 2911 in
549 2847 630 2912 vivis
653 2848 762 2928 caseth
785 2849 917 2914 dilatam
940 2870 1016 2914 esse.
1062 2845 1238 2934 Cumque¹⁰

68 2951 156 3018 initio
187 2953 269 3019 nihil
300 2976 334 3018 se
362 2977 433 3019 cum
460 2954 586 3038 Dymno
614 2977 782 3020 commune
808 2956 926 3021 habere
954 2956 1097 3033 dixisset,
1128 2961 1239 3041 postea

68 3081 171 3125 rursus
201 3061 369 3126 tormentis
401 3060 548 3140 admotis,
579 3061 641 3125 hoc
669 3083 796 3146 quoque
823 3062 942 3127 crimen
970 3063 1151 3140 confitetur,
1183 3062 1238 3127 sed
1257 3069 1291 3122 25

69 3171 188 3248 patrem
225 3166 468 3232 Parmenionem
510 3167 636 3232 consilii
678 3169 874 3252 expertem11
916 3168 1012 3234 fuisse
1050 3173 1239 3255 perseverat.

70 3271 196 3338 Postero
229 3273 279 3338 die
310 3273 466 3358 conjurati
497 3295 586 3338 more
612 3275 717 3357 patrio
746 3275 831 3339 saxis
860 3275 967 3340 obruti
993 3279 1075 3339 sunt.
1105 3273 1238 3359 'Neque

69 3376 234 3445 Parmenio
266 3381 336 3466 regi
367 3381 476 3446 insons
507 3381 673 3446 videbatur
702 3403 780 3447 esse.
835 3381 888 3447 Ad
920 3402 1014 3466 quem
1045 3381 1239 3465 puniendum

70 3482 308 3570 Polydamante,
334 3487 436 3552 amico
463 3485 598 3565 illiusfl,
625 3487 773 3552 ministro
796 3510 871 3554 usus
895 3496 950 3567 eat,
973 3488 1029 3572 qui
1051 3488 1133 3552 iram
1154 3489 1239 3575 regis

70 3593 271 3658 extimescens
292 3591 467 3680 impensius
482 3593 586 3672 etiam,
609 3616 706 3678 quam
722 3594 916 3680 exigebatur,
938 3594 1086 3678 promisit
1101 3617 1239 3679 operam.
1257 3600 1292 3656 30

70 3695 244 3766 Velocitate
282 3721 361 3786 opus
399 3699 514 3779 erat²⁸,
552 3723 633 3787 quae
671 3701 865 3767 celeritatem
896 3703 1000 3767 famae
1032 3703 1239 3768 antecederet.

69 3803 177 3892 Itaqoe
203 3811 291 3872 veste
312 3807 452 3872 Arabica
478 3808 608 3874 indutus
635 3831 708 3874 cum
734 3810 858 3875 duobus
880 3809 1041 3876 Arabibus
1070 3810 1239 3876 comitibus

69 3934 121 3995 per
147 3915 272 3980 deserta
299 3915 370 3980 loca
396 3915 524 3980 camelis
551 3916 710 4000 profectus
739 3916 773 3980 in
796 3917 935 3982 Mediam
957 3917 1058 3994 venit,
1084 3916 1141 3982 ubi
1163 3916 1239 3980 Par·

71 4020 172 4086 nenio
209 4044 282 4086 cum
318 4021 476 4106 praesidio
513 4023 642 4088 relictus
679 4028 754 4088 erat.
808 4022 977 4088 Parmenio
1011 4025 1085 4089 dum
1116 4023 1239 4088 litteras

70 4127 150 4211 regis
175 4151 194 4191 a
218 4127 443 4212 Polydamante
465 4129 599 4194 traditas
623 4131 711 4216 legit,
734 4129 922 4195 confoditur.
1259 4133 1293 4190 35

112 4292 162 4352 41.
210 4287 435 4353 Arachosiis
488 4289 626 4354 subactis
675 4309 791 4374 agmen
837 4290 990 4373 processit
1037 4290 1077 4353 ad
1125 4287 1240 4353 Paro-

71 4387 256 4475 pamlsum
283 4399 423 4460 montem
451 4396 655 4472 altissimum,
684 4396 772 4479 eujus
801 4397 929 4461 dorsum
954 4396 1065 4462 Asiam
1088 4401 1240 4480 perpetuo
