3074 4934
671 228 733 290 119

114 400 229 467 Dionis
261 423 406 479 uxorem,
439 400 494 466 alii
525 405 661 485 nuptum
689 402 775 467 dedit
802 401 967 487 filiumque
996 403 1063 487 ejus
1091 404 1136 468 sic
1163 404 1290 470 educari

110 508 216 592 jussit,
238 511 275 574 ut
296 507 490 594 indulgendo
513 507 705 592 turpissimis
727 509 923 574 imbueretur
946 509 1180 594 cupiditatibus.

159 676 189 734 4.
235 667 377 734 Sublatis
409 667 541 733 aemulis
570 668 604 732 in
638 669 804 754 segnitiem
835 669 944 754 lapsus
977 671 1120 756 saginam
1147 671 1289 754 corporis

112 798 150 840 en
179 776 277 839 nimia
303 775 429 840 luxuria
457 775 684 860 oculorumque
711 776 923 841 valetudinem
954 777 1124 856 contraxit,
1151 777 1229 843 adeo
1252 781 1290 843 ut

110 903 179 946 non
195 883 303 962 solem,
326 904 391 947 non
405 883 579 966 pulverem,
601 903 666 946 non
689 882 824 967 denique
847 883 1046 967 splendorem
1068 883 1148 949 lucis
1170 883 1289 968 ipsius¹
1307 893 1324 946 5

111 988 197 1053 ferre
225 994 340 1073 posset.
384 988 520 1073 Propter
547 1010 628 1072 qnae
657 989 732 1054 dum
760 990 919 1054 contemni
946 1013 979 1055 se
1007 989 1130 1074 putati,
1158 991 1289 1056 saevitia

112 1094 310 1181 grassatur³;
333 1116 391 1160 nec
405 1099 442 1161 ut
464 1099 555 1178 pater
578 1117 736 1160 carcerem
758 1097 856 1176 nexis,
880 1097 935 1161 sed
958 1098 1106 1162 caedibus
1130 1098 1289 1164 civitatem

111 1203 225 1286 replet.
272 1201 341 1279 Qua
360 1225 394 1267 re
409 1223 475 1268 non
489 1207 556 1266 tam
579 1203 790 1286 contemptior
813 1225 909 1288 quam
930 1203 1063 1269 invisior
1085 1203 1166 1270 fuir*
1188 1204 1290 1269 omni·

112 1311 183 1375 bus.
229 1310 341 1392 Itaque
369 1307 516 1374 carebat⁶
539 1309 766 1375 consuetudine
789 1310 975 1389 amicorum,
1003 1311 1153 1376 societate
1179 1312 1290 1390 rictus,

111 1437 259 1480 sermone
287 1415 415 1481 omnino
444 1415 607 1493 familiari3
634 1416 763 1481 vivebat
792 1438 864 1482 cum
890 1415 1049 1503 fugitivis,
1077 1440 1149 1482 cum
1171 1418 1344 1483 facino-10

111 1523 209 1602 rosis,
237 1545 309 1588 cum
335 1522 492 1600 barbaris,
519 1521 690 1602 neminem,
722 1523 778 1607 qui
800 1528 856 1588 aut
878 1524 1026 1590 libertate
1050 1525 1165 1609 dignus
1189 1523 1291 1590 esser

112 1634 170 1695 aut
190 1628 307 1695 vellet⁶
322 1630 450 1694 omnino
466 1629 548 1694 liber
571 1651 647 1708 esse,
670 1630 732 1695 sibi
755 1631 890 1696 amicum
914 1631 1137 1696 arbitrabatur.
1184 1630 1291 1708 Quan-

111 1742 226 1821 topere
257 1758 331 1802 vero
364 1735 519 1801 amicitias
552 1737 755 1816 desideraret,
794 1760 930 1822 quarum
960 1737 1179 1803 infidelitatem
1212 1739 1290 1802 exti-

111 1843 287 1921 mescebat,
315 1843 488 1907 declaravit
513 1843 547 1906 in
575 1842 789 1929 Pythagoreis
817 1844 941 1909 duobus
969 1843 1062 1909 illis⁷.
1113 1844 1290 1910 Damonem

112 1956 144 2016 et
169 1948 351 2015 Phintiam8
373 1950 480 2014 ferunt
502 1949 564 2014 hoc
587 1949 691 2014 animo
714 1950 797 2015 inter
820 1973 853 2016 se
875 1951 985 2030 fuisse,
1013 1954 1063 2030 ut,
1087 1973 1158 2015 cum
1182 1971 1291 2016 eorum
1310 1957 1344 2012 15

111 2057 208 2122 alteri
235 2056 406 2141 Dionysius
432 2060 586 2142 tyrannus
614 2057 696 2121 diem
723 2057 809 2122 necis
836 2058 1069 2137 destinavisset,
1103 2061 1135 2121 et
1161 2056 1202 2136 ia,
1234 2057 1291 2140 qui

110 2164 210 2230 morti
242 2164 385 2230 addictus
417 2169 512 2242 esset,
543 2180 661 2248 pancos
693 2163 760 2228 dies
792 2163 1132 2229 commendandorum⁰
1160 2185 1292 2228 suorum

112 2292 209 2336 causa
231 2270 467 2354 postulavisset,
495 2292 551 2335 vas
574 2270 677 2336 factus
700 2271 742 2335 sit
764 2271 845 2335 alter
868 2271 935 2354 ejus
959 2266 1137 2349 sistendi¹⁰,
1159 2269 1238 2349 utu,
1261 2269 1291 2334 si

110 2379 168 2444 ille
189 2400 254 2443 non
276 2377 499 2458 revertissec12,
522 2377 721 2442 moriendum
746 2383 828 2443 esset
850 2377 920 2462 ipsi.
965 2377 1122 2456 Quicum
1144 2378 1184 2442 ad
1207 2377 1291 2442 diem

112 2509 146 2550 se
167 2485 346 2569 recepisset,
369 2485 542 2549 admiratus
565 2506 674 2548 eorum
696 2485 792 2550 fidem
814 2488 967 2569 tyrannus
989 2484 1112 2570 petivit,
1135 2489 1171 2550 ut
1194 2505 1227 2548 ae
1251 2485 1292 2548 ad
1309 2491 1345 2548 20

112 2592 288 2657 amicitiam
320 2589 483 2658 tertium²⁸
514 2592 717 2657 ascriberent.
771 2591 845 2656 Jam
877 2591 964 2657 haud
995 2593 1106 2676 procul
1138 2591 1292 2657 seditione

111 2722 164 2764 res
193 2704 273 2778 erat,
301 2697 408 2788 cum14
434 2699 606 2782 Dionysius
634 2700 674 2763 ad
700 2699 850 2764 invidiam
879 2698 995 2764 civium
1022 2699 1192 2764 sedandam
1219 2682 1309 2763 cum

111 2806 262 2872 omnibus
290 2807 389 2892 copiis
418 2807 566 2890 omnique
592 2807 681 2891 regio
710 2811 866 2890 apparatu
893 2807 927 2872 in
954 2805 1081 2871 Italiam
1108 2805 1292 2884 transmisit,

111 2920 149 2980 ut
173 2914 319 2979 Lucanos
341 2914 426 2979 bello
450 2918 699 2997 persequeretur.

161 3082 190 3140 5.
236 3074 410 3158 Postquam
438 3073 625 3139 Corinthum
652 3074 739 3138 Dion
765 3073 909 3158 pervenit
937 3077 969 3138 et
997 3071 1123 3138 eodem1
1150 3071 1346 3156 peragitur

112 3181 302 3248 Heraclides
325 3181 366 3246 ab
390 3180 521 3245 eodem1
544 3180 694 3264 expulsus
716 3180 886 3265 Dionysio,
911 3178 967 3263 qui
988 3178 1166 3262 praefectus
1190 3178 1295 3243 fuerat

114 3288 273 3373 equitum,
297 3287 383 3352 omni
410 3286 532 3353 ratione
559 3288 681 3352 bellum
709 3307 892 3370 comparare
917 3288 1096 3369 coeperunt.
1142 3283 1204 3350 Sed
1227 3304 1293 3348 non

114 3396 254 3461 multum
276 3394 492 3480 proficiebant,
516 3395 601 3479 quod
623 3395 796 3459 multorum
819 3413 974 3458 annorum
995 3391 1139 3477 tyrannis
1161 3411 1293 3476 magna-

112 3525 187 3568 rum
215 3501 332 3586 opum⁹
359 3501 540 3586 putabatur.
586 3501 688 3580 Quam
718 3500 760 3566 ob
784 3521 910 3565 causam
932 3498 1025 3584 pauci
1048 3499 1089 3564 ad
1111 3497 1294 3563 societatem

113 3608 249 3696 periculi
271 3606 551 3693 perducebantur⁸.
597 3608 659 3675 Sed
681 3608 780 3686 Dion,
803 3607 905 3672 fretus
927 3627 992 3670 non
1015 3609 1083 3670 tam
1105 3605 1170 3670 suis
1194 3604 1293 3689 copiis
1311 3609 1348 3666 30

114 3738 215 3801 quam
242 3715 315 3780 odio
342 3713 503 3800 tyranni⁴,
529 3714 666 3779 maximo
696 3709 801 3780 animo
830 3711 953 3777 duabus
981 3711 1132 3776 onerariis
1160 3710 1294 3776 navibus

115 3821 351 3909 quinquaginta
366 3843 521 3887 annorum
540 3821 717 3906 imperium,
740 3819 900 3885 munitum
923 3817 1163 3904 quadringentis
1186 3817 1294 3902 longis

113 3930 260 4009 navibus,
283 3929 389 3993 decem
411 3928 555 4013 equitum
578 3932 767 4012 centumque
789 3926 932 4010 peditum
954 3925 1093 4005 milibus,
1115 3921 1296 4009 profectus⁶

115 4033 369 4123 oppugnatum⁶,
391 4035 469 4100 adeo
491 4034 585 4100 facile
608 4035 752 4118 perculit,
775 4038 812 4098 ut
833 4037 907 4117 post
930 4032 1014 4098 diem
1036 4032 1175 4110 tertium,
1199 4052 1295 4115 quam

114 4143 261 4210 Siciliam
281 4141 459 4229 attigerat⁷,
482 4141 650 4226 Syracusas
666 4140 824 4207 introiret.
869 4141 919 4205 Ex
942 4151 1006 4225 quo
1029 4137 1166 4224 intelligi
1188 4140 1296 4222 potest
1313 4143 1349 4200 35

114 4251 243 4316 nullum
263 4271 331 4315 esse
345 4248 513 4332 imperium
528 4251 634 4314 tntum
649 4246 731 4314 nisi⁸
747 4246 967 4312 benevolentia
990 4245 1105 4312 civium
1128 4243 1296 4309 munitum.

115 4359 168 4425 Eo
195 4361 338 4442 tempore
367 4356 475 4422 aberat
497 4353 669 4440 Dionysius
697 4358 729 4420 et
757 4355 792 4419 in
812 4353 907 4420 Italia
935 4350 1087 4418 classem⁹
1110 4350 1296 4437 opperieba-
