3074 4934
594 688 648 756 26.
681 689 867 755 Hamilcar
890 689 1033 754 Bareas.

275 871 302 934 1.
352 866 516 932 Hamilcar
548 865 738 930 Hannibalis
770 865 855 929 filius
887 863 1095 949 cognomine²
1126 863 1243 928 Bareas
1270 861 1405 927 Cartha·

228 973 380 1058 giniensis
406 973 509 1057 primo
532 973 653 1038 Punico
676 970 782 1036 bello'
806 972 861 1036 red
883 969 1079 1054 temporibus
1102 967 1270 1034 extremis'
1292 969 1404 1033 admo·

228 1081 304 1146 dum
332 1080 586 1145 adulescentulus
614 1079 648 1143 in
670 1077 779 1144 Sicilia
802 1099 946 1161 praeesse
970 1078 1075 1161 coepit
1098 1073 1276 1141 exercituiss.
1322 1074 1405 1140 Cum

200 1187 298 1252 seins
337 1185 494 1251 adventu²
531 1187 615 1251 male
652 1207 702 1250 res
740 1187 926 1270 gererentur
958 1181 1297 1268 Carthaginiensium,
1334 1182 1405 1267 ipse

229 1293 367 1376 Erycem
382 1293 534 1375 oppidum
557 1292 705 1356 defendit.
750 1290 883 1356 Interim
898 1289 1173 1376 Carthaginienses
1197 1289 1296 1354 classe
1318 1289 1406 1373 apud

230 1399 350 1463 insulas
373 1397 513 1484 Aegates
537 1422 555 1464 a
578 1397 610 1464 C.
633 1397 761 1463 Lutatio
785 1396 898 1462 Catulo
922 1398 1049 1461 musula
1072 1396 1288 1478 Romanorum
1311 1418 1405 1480 supe·

229 1505 292 1570 rati
323 1509 503 1570 statuerunt
534 1505 612 1570 belli
643 1505 747 1570 facere
778 1503 895 1569 finem⁶
922 1525 1054 1588 eamque
1080 1525 1148 1568 rem
1176 1503 1304 1568 arbitrio
1332 1525 1405 1588 per·
1530 1491 1531 1494 ¹

230 1611 384 1676 miserunt
415 1611 615 1678 Hamilcaris.
664 1610 724 1676 lile
756 1611 815 1676 elsi
846 1611 1002 1695 flagrabat
1034 1609 1174 1675 bellandi
1205 1607 1406 1693 cupiditate⁶,

181 1724 338 1786 letamen
364 1718 436 1802 paci
463 1741 531 1783 esse
560 1718 758 1784 serviendum
786 1717 924 1800 putavit,
952 1718 1037 1801 quod
1059 1717 1194 1800 patriam
1218 1717 1406 1781 exhaustam

232 1825 411 1910 sumptibus
431 1825 549 1890 diutius
573 1825 768 1891 calamitates
791 1823 868 1888 belli
890 1824 971 1888 ferre
994 1846 1057 1888 non
1081 1845 1172 1906 posse
1195 1823 1406 1908 intelligebat,

233 1933 288 1996 sed
314 1931 361 1996 ita
387 1931 442 1996 ut⁷
471 1932 580 1996 statim
602 1936 707 1996 mente
730 1931 881 2016 agitaret,
909 1931 936 1995 si
957 1931 1088 2014 paulum
1111 1932 1205 1996 modo
1228 1953 1278 1996 res
1300 1935 1407 1996 essent

233 2037 402 2118 refectae⁸,
432 2037 551 2104 bellum
579 2060 731 2104 renovare
755 2037 977 2122 Romanosque
1000 2038 1095 2103 armis
1118 2037 1278 2122 persequi,
1304 2039 1407 2104 donec

234 2145 393 2210 communi
416 2145 519 2210 Marte
542 2149 598 2210 aut
620 2145 768 2210 vicissent
791 2149 847 2209 aut
870 2144 945 2209 victi
967 2167 1079 2209 manua
1103 2144 1288 2210 dedissent⁹.
1334 2145 1407 2211 Hoc

182 2267 214 2319 15
234 2252 366 2317 consilio
404 2273 516 2336 pacem
553 2251 742 2317 conciliavit.
794 2249 831 2315 ln
870 2273 933 2336 qua
964 2272 999 2315 re
1030 2254 1120 2315 tanta
1151 2251 1215 2316 fuit
1245 2250 1409 2331 ferociam,

234 2359 339 2425 cum11
356 2359 487 2426 Catulus
509 2364 640 2446 negaret
663 2359 783 2424 bellum
805 2380 838 2423 se
862 2360 1111 2442 compositurum
1135 2358 1245 2438 essem,
1267 2358 1330 2422 nisi
1351 2359 1409 2423 ille

235 2489 306 2532 cum
339 2467 417 2546 suis,
449 2466 544 2532 armis
576 2467 709 2545 relictis,
741 2465 849 2531 Sicilia
881 2467 1055 2544 decederet,
1086 2465 1156 2530 ut11
1183 2465 1410 2530 succumbente

235 2573 339 2657 patria
365 2573 471 2656 ipsum
498 2574 674 2657 periturum
700 2595 735 2636 se
760 2572 865 2656 potius
893 2571 1023 2652 diceret,
1055 2570 1184 2656 quam18
1212 2594 1285 2636 cum
1315 2576 1408 2638 tanto

235 2676 392 2762 flagitio1⁴
419 2679 547 2743 domum
574 2678 703 2756 rediret3
730 2701 795 2743 non
822 2679 906 2744 enim
934 2701 1009 2744 suae
1037 2701 1104 2743 esse
1132 2677 1293 2744 virtutis¹⁶
1321 2670 1424 2744 arma'

185 2806 258 2861 20³
293 2785 398 2869 patria
436 2790 565 2869 accepta
596 2786 744 2850 adversus
776 2786 885 2851 hostes
917 2786 1105 2850 adversariis
1136 2786 1268 2850 tradere.
1323 2785 1411 2851 Huic

236 2891 425 2976 pertinaciae
450 2893 543 2958 cessit
565 2891 704 2959 Catulus.

203 3090 218 3120 ι
283 3076 311 3133 2.
357 3069 402 3135 At
428 3069 497 3150 ille,
524 3075 560 3135 ut
583 3069 806 3155 Carthaginem
834 3069 933 3149 venit,
961 3071 1059 3154 longe
1086 3071 1192 3148 aliter,
1220 3069 1275 3134 ac¹
1303 3092 1414 3154 spera-

237 3179 337 3256 verat,
368 3198 436 3240 rem
462 3177 622 3260 publicam
649 3197 682 3241 se
709 3175 898 3241 habentem*
926 3177 1090 3261 cognovit.
1139 3176 1224 3242 Nam
1253 3176 1412 3242 diuturni-

237 3281 321 3348 tate8
350 3283 470 3347 externi
496 3283 573 3348 mali
599 3287 724 3348 tantum
753 3283 871 3348 exarsit
897 3283 1080 3347 intestinum
1108 3282 1243 3362 bellum,
1270 3287 1308 3348 ut
1330 3307 1414 3348 nun·

184 3409 218 3462 25
238 3412 333 3474 quam
364 3389 398 3455 in
424 3389 494 3473 pari
520 3389 660 3474 periculo
688 3389 785 3454 fuerit
812 3387 986 3474 Carthago,
1017 3389 1077 3453 nisi
1105 3411 1177 3454 cum
1205 3390 1308 3474 deleta
1335 3388 1413 3455 est‘.

239 3495 448 3560 Mercennarii
484 3496 616 3575 milites,
654 3496 770 3580 quibus
808 3497 957 3560 adversus
989 3496 1152 3561 Romanos
1189 3496 1239 3561 usi
1276 3496 1415 3578 fuerant,

240 3601 450 3681 desciverunt3
478 3625 614 3687 quorum
641 3625 791 3668 numerus
818 3607 887 3667 erat
909 3602 1024 3688 viginti
1047 3602 1197 3669 milium⁶.
1242 3603 1287 3668 Hi
1309 3607 1417 3669 totam

240 3709 460 3776 abalienanmt
486 3709 643 3789 Africam,
670 3709 772 3794 ipsam
800 3707 1023 3794 Carthaginem
1051 3715 1284 3795 oppugnarunt.
1335 3709 1417 3788 Qui·

239 3816 304 3900 bus
330 3815 423 3881 malis
455 3817 533 3882 adeo
566 3820 640 3881 suut
666 3815 766 3880 Poeni
797 3815 970 3900 perterriti,
993 3820 1030 3880 ut
1062 3817 1157 3882 etiam
1190 3816 1343 3882 auxilium
1372 3819 1416 3884 ab

241 3922 393 3988 Romanis
430 3927 582 4006 peterent
637 3922 715 3989 Cum
753 3944 851 4009 prope
884 3924 952 4008 jam
984 3924 1024 3988 ad
1055 3924 1305 4008 desperationem
1340 3947 1418 4008 per-

240 4031 414 4110 uenissent,
445 4029 660 4096 Hamilcarem
690 4030 914 4114 imperatorem
945 4031 1095 4096 fecerunt.
1151 4030 1183 4096 Is
1214 4054 1278 4096 non
1309 4031 1420 4098 solum

241 4137 349 4202 hostes
387 4159 406 4201 a
443 4135 542 4201 muris
580 4135 779 4221 Carthaginis
817 4136 966 4216 removit,
1004 4159 1075 4201 cum
1113 4139 1249 4222 amplius
1287 4143 1420 4205 centum

241 4243 330 4308 milia
356 4243 442 4307 facta
470 4245 573 4308 essent
596 4240 817 4322 armatorum⁶,
844 4242 899 4306 sed
922 4243 1078 4308 etiam-eo
1102 4244 1285 4328 compulit⁷,
1307 4250 1342 4310 ut
1367 4247 1420 4312 lo-

243 4370 351 4414 corum
388 4349 543 4434 angustiis
581 4348 681 4413 clausi
717 4348 824 4432 plures
860 4349 943 4414 fame
981 4372 1077 4434 quam
1115 4351 1198 4416 ferro
1236 4351 1418 4420 interirent.
