3092 4938
686 252 725 311 67

168 431 196 489 2.
241 424 403 490 Adversus
432 423 544 508 quem¹
573 422 717 490 Thebani
744 423 953 508 Thessalique
979 424 1165 510 Philippum
1187 424 1291 490 Maee-

123 531 238 596 donnm
260 551 370 615 regem
393 531 553 596 amoenus
599 527 681 607 Qui²
704 551 776 596 cum
798 529 971 596 Methonen
991 531 1104 596 urbem
1127 553 1291 617 oppugna·

122 642 182 716 ret,
208 637 325 722 sagitta
350 637 385 702 in
411 639 664 722 praetereuntem
690 637 730 702 de
755 638 856 702 muris
879 638 968 722 jecta
996 638 1142 703 sanim
1164 639 1292 704 oculum

121 744 207 828 regis
233 743 351 810 effodit
396 742 487 820 Qu01
513 744 645 808 vulnere
665 765 732 808 non
754 745 882 829 segnior
904 744 946 809 ed
967 744 1088 810 bellum
1109 744 1212 810 faetus
1236 749 1292 810 est.
1311 754 1346 830 *ἵ

121 850 158 916 In
180 850 378 916 Thessaliam
399 851 560 935 profectus
583 850 623 915 ab
644 848 847 916 Onomarcho
868 850 993 934 primo²
1015 851 1141 936 quidem
1164 860 1327 935 supera-5

121 961 180 1024 tur.
233 955 296 1022 Sed
326 977 409 1022 novo
442 956 583 1022 exercitu
613 961 737 1036 coacto,
770 957 862 1041 qnasi
893 957 1052 1042 sacrilegii
1084 957 1169 1022 ultor
1200 962 1290 1036 esset,

122 1085 228 1128 omnes
259 1062 375 1128 milites
403 1083 536 1128 coronas
563 1062 686 1128 lemess
714 1085 837 1128 sumere
861 1063 954 1147 jubet
981 1068 1077 1148 atque
1103 1064 1205 1129 veluti
1231 1065 1289 1129 deo

121 1171 198 1236 duee
224 1170 259 1234 in
284 1169 441 1254 proelium
462 1169 576 1255 pergit
621 1169 812 1249 Phocenses,
839 1170 1019 1256 insignibus
1042 1171 1092 1235 dei
1115 1171 1290 1254 conspectis

120 1277 312 1342 conscientie
342 1277 529 1342 delictorum
555 1275 670 1356 territi,
703 1275 834 1360 abjectis
862 1277 959 1342 armis
985 1277 1096 1362 lugam
1123 1281 1291 1360 capessunt

119 1405 298 1468 poenasque
320 1383 457 1448 violatae
480 1382 644 1468 religionis
658 1382 813 1468 sangnine
829 1388 862 1448 et
876 1383 1023 1448 caedibus
1039 1384 1105 1448 suis
1120 1381 1290 1468 pendnnt⁸.
1311 1389 1344 1444 10

119 1490 236 1556 Mirum
261 1487 434 1574 quantum*
451 1511 493 1572 'ea
515 1511 566 1554 res
589 1491 674 1574 apud
696 1511 805 1554 omnes
828 1490 972 1556 nationes
995 1489 1148 1574 Philippo
1171 1489 1291 1574 gloriae

120 1596 212 1662 dedit
249 1595 364 1662 lllum⁶
386 1596 540 1661 vindicem
555 1617 624 1662 esse
638 1596 806 1682 sacrilegii,
827 1596 921 1661 illum
934 1597 1072 1662 ultorem
1086 1596 1291 1681 religionum

118 1704 226 1788 itaque
252 1702 397 1788 dignum,
424 1701 498 1786 qui⁶
526 1703 592 1768 deis
620 1703 781 1786 proximus
804 1703 973 1784 habeatnr,
999 1725 1056 1787 per
1079 1701 1193 1787 quem7
1216 1703 1290 1767 deo-

118 1832 189 1876 rum
215 1810 363 1894 majestas
391 1809 548 1874 vindicata
574 1809 624 1875 sit
669 1807 731 1875 Sed
758 1831 831 1874 cum
858 1809 990 1896 Pegasis
1018 1809 1119 1893 captis
1143 1808 1291 1874 Graeciae

118 1916 234 1982 finibus
262 1916 543 2000 appropinquaret,
568 1915 791 1996 Athenienses,
816 1939 857 1982 ne
883 1917 918 1982 in
941 1917 1102 1982 Graeciam
1133 1919 1291 1998 nansnee
1311 1921 1344 1975 15

118 2023 281 2109 angustias
305 2022 591 2108 Thermopylarum
617 2023 687 2107 pari
713 2023 849 2103 ratione,
877 2023 959 2089 sicut
982 2027 1076 2088 antee
1099 2024 1292 2089 advenienti·

118 2130 177 2196 bus
203 2129 324 2209 Persis,
350 2134 589 2214 occupaverunt
640 2129 690 2196 Do
716 2133 861 2213 tempore
886 2129 1164 2196 Demosthenes
1190 2130 1291 2196 Athe·

119 2237 167 2301 nis
194 2237 329 2321 primam
355 2235 469 2302 habuit
496 2235 672 2302 orationem
699 2258 820 2315 earum,
849 2257 931 2320 quae
957 2235 1155 2318 Philippicae
1183 2237 1290 2320 appel-

120 2343 237 2422 lantur,
276 2343 390 2428 quibus
425 2343 507 2408 cives
541 2341 710 2408 excitaret⁸
742 2347 853 2408 contra
890 2342 1057 2407 imminens
1090 2365 1109 2406 a
1140 2342 1290 2426 Philippo

120 2451 302 2533 perieulum.
1309 2460 1343 2516 20

205 2555 324 2621 Postea
350 2555 481 2622 Macedo
510 2554 715 2640 Olynthios
743 2555 936 2641 aggreditur.
981 2553 1064 2631 Qui1
1091 2575 1162 2620 cum
1190 2555 1290 2620 Athe·

120 2663 274 2728 niensium
304 2663 512 2747 implorarent
543 2661 708 2740 auxilium,
745 2663 883 2744 primum
920 2660 1128 2726 mercennarii
1164 2661 1291 2741 milites,

122 2769 252 2854 denique
275 2769 489 2834 Demosthene
522 2769 673 2834 suadente
704 2772 799 2853 atque
830 2772 965 2852 urgente
992 2767 1108 2831 civium
1136 2768 1291 2832 exercitus

121 2875 231 2941 missus
261 2880 316 2942 est.
360 2875 473 2960 Neque
499 2874 597 2940 vero⁹
617 2879 707 2940 tenta
733 2875 864 2940 fuerunt
890 2874 1016 2952 auxilie,
1042 2871 1116 2938 ut¹⁰
1136 2875 1291 2958 impetum

22 3025 23 3030 κ
122 2983 200 3068 rego's
221 2984 453 3068 propulsarent,
476 2983 531 3068 qui
553 2982 645 3048 victis
668 2983 702 3046 in
725 2983 792 3046 acie
807 2981 967 3066 Olynthiis
990 2982 1103 3046 urbem
1126 2980 1291 3046 obsidione
1309 2991 1343 3046 25

123 3088 231 3154 elausit
263 3094 358 3173 atque
389 3089 568 3174 proditione
595 3093 720 3172 ceptam
746 3088 891 3152 fimditus
918 3087 1037 3152 evertit.
1083 3087 1144 3152 His
1166 3087 1213 3152 ita
1235 3107 1291 3172 ge-

124 3194 176 3259 stis
197 3196 280 3261 forte
302 3196 417 3276 evenit,
439 3195 512 3261 ut¹¹
535 3219 607 3261 eum
629 3196 742 3260 fratres
766 3196 838 3273 duo,
860 3215 951 3280 reges
975 3194 1141 3272 Threciae,
1165 3197 1290 3258 conho-

123 3302 289 3367 sensianum
321 3325 449 3368 suarum
477 3303 615 3388 judicem
648 3302 808 3387 eligerent.
854 3300 916 3367 Sed
943 3301 1110 3386 Philippus
1138 3300 1178 3364 ad
1205 3299 1290 3384 judi·

125 3405 214 3488 cinm,
241 3409 341 3474 veluti
368 3409 409 3473 ed
431 3409 566 3489 bellum,
589 3408 825 3491 inopinantibus
847 3405 999 3472 iratribus
1022 3406 1178 3471 instructo
1202 3426 1290 3470 erer-

126 3512 185 3578 citn
206 3515 386 3600 supervenit
407 3535 570 3600 regnoque
592 3518 762 3598 utrumque
785 3511 977 3598 spoliavitss.
1307 3523 1342 3581 30

168 3735 194 3797 3.
237 3731 322 3795 Dum
343 3731 423 3794 haec
444 3727 611 3816 aguntur²‚
633 3727 732 3813 legati
746 3726 990 3792 Atheniensium
1012 3729 1157 3811 petentes
1179 3746 1290 3809 pacem

109 3833 163 3922 ,ad
197 3857 267 3901 enm
303 3840 470 3915 venerunt,
501 3835 585 3900 inter
621 3855 676 3899 eos
706 3834 917 3900 Aeschines
949 3837 982 3897 et
1013 3831 1289 3897 Demosthenes

128 3945 268 4008 oratores.
314 3939 435 4019 Quibus
451 3939 567 4006 auditis
581 3941 650 4026 ipse
669 3940 794 4026 legatos
809 3939 953 4005 Athenas
976 3961 1049 4004 cum
1071 3937 1159 4022 pacis
1182 3936 1289 4002 eondi-

127 4045 256 4114 tionibus
283 4048 378 4115 misit.
422 4047 491 4114 Pax
517 4047 603 4112 taeta
629 4051 691 4126 est,
717 4048 751 4111 in
774 4068 837 4130 qua
859 4046 1039 4112 Phocenses
1062 4043 1185 4127 excepti
1206 4047 1289 4108 sunt.

128 4149 249 4221 Interim
270 4179 310 4222 ex
332 4155 445 4222 ceteris
468 4175 596 4240 quoqne
612 4152 761 4220 Graeciae
781 4152 963 4218 civitatibus
985 4173 1051 4217 non
1072 4150 1160 4236 pacis
1182 4170 1290 4214 amore
1307 4163 1342 4218 35

129 4261 177 4326 sed
201 4263 275 4330 belli
302 4267 390 4328 metu
412 4261 589 4348 legationes
612 4264 775 4324 venerunt.
820 4257 967 4325 Thessali
988 4257 1166 4342 Boeotique
1189 4261 1290 4336 orant,

127 4371 160 4430 ut
183 4371 327 4436 adversus
350 4370 531 4435 Phocenses
559 4368 671 4432 ducem
695 4365 844 4432 Graeciae
871 4388 905 4431 se
926 4364 1143 4449 profiteretur3
1180 4365 1290 4428 contra

1074 4469 1112 4524 5*
