3100 4936
352 830 421 894 Res
444 834 561 916 gestae
585 849 662 893 cum
685 827 783 894 annis
806 826 968 892 memoria
990 827 1167 892 tenendae.

597 1024 684 1107 Res
713 1023 918 1107 Graecae.

149 1132 174 1170 a.
195 1112 257 1167 chr.
275 1131 303 1168 n.

148 1202 227 1262 ner
248 1203 337 1280 moja
357 1203 465 1260 arua.

147 1308 227 1368 1104
248 1309 475 1368 Heraclidarum
508 1307 621 1366 reditus
655 1308 686 1366 in
716 1308 951 1384 Peloponnesum
982 1308 1070 1382 (anno
1100 1307 1160 1365 fere
1190 1306 1369 1382 octogesimo

328 1400 396 1474 post
415 1397 533 1472 lbojam
553 1398 690 1474 captam).

249 1485 368 1562 Jonum,
389 1485 525 1561 Aeolum,
545 1485 660 1544 Dorum
681 1486 812 1545 coloniae
834 1486 865 1544 in
885 1485 987 1544 Asiam
1008 1485 1159 1544 deductae.

169 1593 228 1652 884
268 1591 458 1670 Lycurgus
484 1591 784 1652 Lacedaemoniorum
816 1592 918 1668 legum
951 1592 1041 1666 lator,
1076 1592 1161 1668 cujus
1190 1591 1372 1668 temporibus

329 1683 419 1741 etiam
438 1681 640 1741 Homerus
660 1681 752 1740 fuisse
772 1680 908 1740 traditur.

148 1791 235 1851 0700
249 1791 334 1848 Bella
353 1789 506 1848 Messenia.
547 1787 757 1863 Aristomenes,
778 1788 932 1864 Macris.

330 1879 498 1947 Tarentum,
518 1877 674 1954 Rhegium,
696 1876 856 1953 Syracusae
879 1876 1010 1934 coloniae
1031 1875 1182 1934 deductae.

148 2031 227 2089 1066
250 2029 356 2089 Oodr
368 2047 413 2086 us
433 2046 567 2105 pugnans
586 2046 640 2103 pro
661 2027 798 2086 libertate
819 2026 933 2086 cecidit.

247 2117 433 2178 Medontidae
458 2117 624 2192 archontes,
650 2116 722 2174 dum
746 2115 897 2192 vivebant,
924 2135 992 2174 eum
1016 2116 1157 2174 honorem
1182 2114 1371 2190 usurpabant.

149 2226 207 2285 752
248 2225 373 2284 Duobus
399 2223 480 2282 annis
505 2225 573 2298 post
598 2242 687 2298 quam
708 2223 802 2282 Roma
824 2223 943 2282 condita
963 2225 1007 2280 est
1026 2221 1150 2281 Athenis
1175 2221 1373 2298 perpetui

328 2314 481 2373 archontes
501 2331 562 2372 esse
583 2312 734 2371 desieumt
754 2345 794 2356 -
815 2312 951 2387 (ultimus
965 2311 1138 2388 Alcmaeon)
1162 2347 1196 2355 -
1220 2311 1372 2387 coeptique

328 2403 454 2461 suntin
480 2401 607 2461 denos
632 2420 723 2460 annos
749 2401 900 2476 creari,
927 2420 1002 2477 quae
1028 2401 1208 2460 consuetudo
1229 2401 1261 2458 in
1281 2417 1371 2459 annos

328 2491 409 2549 LXX
429 2491 545 2549 mansit.

148 2599 205 2658 683
247 2598 359 2656 Deinde
379 2617 525 2658 novem
546 2598 699 2656 archontes
720 2597 848 2656 annui
870 2597 1052 2656 creabantur.

147 2706 205 2764 620
246 2705 380 2763 Draco
401 2705 479 2781 leges
500 2705 580 2764 tulit.
605 2739 639 2749 -
663 2703 821 2782 Cylonium
842 2705 946 2764 scelus.

133 2813 206 2870 ,594
248 2809 344 2870 Solo
370 2809 455 2870 velut
474 2831 581 2871 novam
602 2812 751 2872 civitatem
770 2811 887 2890 legibus
908 2811 1052 2886 condidit,
1074 2811 1174 2886 eisque
1195 2809 1371 2880 mitioribus,

329 2920 418 2976 quam
440 2921 515 2977 quac
537 2905 621 2960 erant
642 2902 820 2978 compositae
841 2921 858 2960 a
878 2901 1020 2960 Dracone.

149 3007 209 3066 560
253 3007 361 3066 Arcem
381 3011 524 3084 tyrannus
545 3011 671 3084 occupat
690 3009 966 3066 Pisistratus.

248 3095 428 3156 Harmodius
449 3100 480 3156 et
493 3097 678 3174 Aristogdton
697 3096 843 3154 libertatis
863 3095 1077 3170 recuperandae
1099 3113 1186 3153 causa
1206 3092 1369 3152 interficere

326 3185 469 3262 Hippiam
495 3187 593 3245 conati
617 3188 688 3244 sunt
712 3186 892 3260 fratremque
917 3184 1123 3276 Hipparchum
1147 3183 1367 3242 interfecenmt.

147 3291 205 3351 510
246 3292 429 3368 Hippias
449 3312 540 3370 regno
560 3293 665 3369 pulsus
685 3293 716 3350 in
737 3292 873 3352 exsilium
894 3291 1004 3368 agitur.

589 3408 713 3467 Bella
742 3407 923 3466 Persica.

247 3505 405 3564 Persarum
425 3505 643 3565 rexDarins
665 3505 782 3583 Scythis
802 3505 916 3564 bellum
936 3504 1033 3563 infert.
1075 3503 1153 3561 Pons
1173 3502 1205 3559 in
1218 3502 1321 3561 Histro
1343 3502 1372 3560 fi.

246 3593 444 3652 Histiaei
473 3594 583 3653 litteris
612 3595 759 3671 impulsus
789 3593 977 3671 Aristagoras
1002 3592 1022 3650 J
1032 3611 1077 3651 on
1090 3611 1128 3650 es
1158 3590 1301 3665 concitat,
1336 3592 1371 3650 ut

326 3683 495 3742 libertatem
523 3687 739 3759 recuperarent.
785 3681 893 3743 Ooacto
924 3682 1055 3741 exercitu
1079 3681 1116 3739 ab
1141 3678 1371 3738 Atheniensibus

324 3772 434 3848 viginti
453 3772 578 3832 navibus
598 3773 695 3848 adjuti
714 3773 794 3849 regis
814 3772 960 3848 praesidia
979 3769 1198 3844 interfecerunt,
1220 3767 1372 3827 Sardes

325 3860 430 3919 urbem
450 3863 693 3939 expugnaverunt
713 3863 803 3937 atque
823 3861 1024 3920 incendenmt.

249 3965 462 4025 Mardonii
493 3967 594 4026 classis
624 3967 703 4043 apud
728 3966 932 4024 Athonem
961 3965 1198 4042 promontorium
1217 3964 1374 4041 naufragio

328 4055 439 4114 interit.

147 4159 206 4218 490
247 4161 369 4220 Datis
398 4165 429 4221 et
459 4161 746 4237 Artaphernes
777 4162 867 4220 classe
898 4161 935 4219 ad
964 4160 1116 4219 Euboeam
1152 4160 1275 4236 appulsa
1304 4159 1372 4218 Ere·

324 4251 415 4309 triam
435 4253 590 4327 cepenmt3
610 4251 677 4309 inde
698 4251 736 4309 ad
755 4249 887 4310 Atticam
908 4252 1099 4309 accesserunt.

246 4339 470 4398 Miltiades
504 4340 541 4398 ad
571 4338 854 4398 Marathonem
887 4338 987 4398 vicmn
1022 4335 1184 4396 exercitum
1214 4337 1372 4396 Persarum

327 4428 504 4505 profligavit.

1161 4515 1213 4570 14*
