3092 4938
408 1269 448 1383 Ι.
486 1269 742 1382 Historiae
781 1267 1006 1384 Graecae.

585 1609 612 1675 l.
637 1609 830 1694 Lycurgus.

168 1844 195 1903 1.
241 1837 335 1904 Anno
371 1839 436 1904 fere
472 1841 665 1925 octogesimo
697 1843 770 1924 post
800 1837 930 1924 Trojam
967 1838 1125 1922 captam1,
1157 1839 1294 1903 Atrrdae

122 1946 320 2012 Achaeorum
342 1968 441 2032 reges,
466 1947 520 2031 qui
536 1948 622 2012 omni
637 1949 697 2012 hoc
712 1953 864 2030 tempore,
879 1948 979 2030 pulsis
996 1946 1182 2024 Heraelldis,
1198 1945 1293 2010 Pelo-

119 2052 269 2136 ponnesi²
296 2054 463 2138 imperium
491 2054 700 2133 obtinuerant,
728 2055 768 2118 ab
791 2052 921 2118 iisdem8
944 2053 1129 2131 Heraclidis,
1154 2052 1293 2117 Dorien-

121 2157 222 2222 sium⁴¹
253 2160 460 2244 principibus,
500 2161 709 2243 expelluntur.
763 2161 866 2225 Duces
904 2160 1108 2243 recuperandi
1146 2157 1293 2243 imperii⁶

119 2265 249 2330 fuerunt
281 2266 449 2344 TemenuS,
482 2265 705 2350 Cresphontes,
733 2267 966 2344 Aristodemus,
1003 2287 1139 2350 quorum
1171 2265 1329 2332 abavuse

119 2373 224 2438 fuerat
247 2373 406 2440 Hercules.
452 2373 497 2438 Hi
519 2357 617 2459 regna
639 2379 724 2438 sorte
747 2375 829 2438 inter
852 2397 885 2438 se
909 2373 1090 2438 diviserunt.
1129 2372 1290 2438 Temenus
1314 2385 1328 2414 ⁴*

28 2498 31 2511 ¹
119 2479 226 2564 Argos
262 2483 391 2544 sortitus
429 2485 487 2558 est,
529 2479 739 2565 Cresphontes
776 2481 973 2560 Messeniam,
1019 2479 1293 2544 Lacedaemonem

27 2614 30 2625 ·
119 2585 313 2651 Aristodemi
343 2587 401 2650 filii
433 2589 565 2672 gemini,
593 2588 806 2672 Borysthenes
839 2592 871 2652 et
898 2587 1034 2652 Procles.
1084 2586 1161 2652 Inde
1195 2587 1292 2652 Lace·

23 2740 29 2955 l

119 2693 276 2757 daemonii
299 2695 377 2758 duos
401 2717 523 2780 semper
546 2695 705 2760 habebant
725 2717 815 2780 reges
831 2718 870 2760 ex
886 2696 1005 2759 duabas
1020 2694 1150 2758 familiis
1166 2691 1292 2759 Proclis

120 2804 153 2864 et
174 2800 391 2884 Eurysthenis,
1314 2813 1348 2866 10

205 2907 291 2998 ¹Tum
315 2907 446 2974 Graecia
471 2911 617 2974 maximis
646 2931 795 2975 concussa
822 2914 870 2974 est
896 2908 1064 2974 motibusl.
1110 2907 1231 2974 Achaei
1255 2929 1294 2971 ex

120 3013 274 3080 Lacenica
304 3016 389 3099 pulsi
421 3039 473 3080 eas
506 3023 737 3100 occupaverunt
769 3017 871 3095 sedes,
904 3040 982 3102 quas
1014 3039 1098 3082 nunc
1131 3016 1291 3090 obtinent;

22 3118 33 3243 ι
119 3120 247 3206 Pelasgi
271 3122 412 3186 Athenas
436 3123 732 3208 commigraverunt.

209 3225 418 3312 Subsequenti
441 3235 581 3312 tempore
605 3251 721 3315 magna
743 3230 810 3294 mal
827 3229 964 3295 Graecae
984 3229 1166 3314 juventutis,
1191 3231 1291 3294 abun·
1314 3240 1328 3268 ³*

119 3335 226 3399 dantia
263 3335 396 3399 virium⁸
433 3338 522 3400 sedes
561 3359 726 3421 quaerens,
764 3339 797 3401 in
830 3338 939 3401 Asiam
971 3359 1004 3401 se
1037 3337 1152 3400 effudit.
1205 3335 1292 3401 Nam
1313 3347 1346 3400 15

119 3440 222 3520 lenes,
261 3443 338 3507 duce
369 3443 465 3508 lene⁹
502 3444 636 3528 profecti
668 3443 850 3523 Albaniam,
889 3445 1041 3528 optimam
1079 3448 1203 3526 partem
1240 3466 1290 3507 rc·
1314 3451 1328 3480 *

119 3549 222 3632 gioms
254 3550 430 3615 maritimae
462 3557 707 3634 occupaverunt,
740 3575 821 3636 quae
853 3552 948 3615 hodie
980 3551 1159 3634 appellatur
1191 3549 1292 3627 Ionia,

18 3704 21 3731 ,
117 3655 273 3738 urbesque
308 3658 512 3722 condiderunt
546 3659 722 3738 duodecim,
756 3659 790 3722 in
823 3657 905 3722 his¹¹
935 3657 1095 3734 Miletum,
1122 3657 1293 3739 Ephesum,

18 3810 21 3823 .
118 3761 316 3845 Colophona,
350 3764 493 3848 Myunta,
534 3787 613 3848 quae
647 3765 723 3830 olirn
757 3781 839 3848 aqua
872 3769 919 3828 est
955 3765 1116 3841 devorata,
1149 3763 1294 3842 Prienen,

15 3900 19 3937 r
118 3868 333 3950 Clazomenas,
372 3871 512 3948 Samum,
546 3870 701 3937 Cbiumffl.
748 3872 799 3934 Ad
837 3894 916 3955 quas
954 3873 1065 3953 postea
1098 3871 1206 3934 addita
1245 3876 1292 3934 est
1311 3879 1325 3906 ³*

117 3974 264 4059 Smyrna,
288 3977 473 4042 Aeoliorum
502 3979 639 4049 colonia.
669 3977 772 4061 patria
796 3977 941 4056 Homeri,
973 3975 1096 4062 cujus18
1126 3977 1293 4040 delubrum

117 4081 281 4166 Smyrnaei
314 4085 346 4148 in
378 4085 493 4168 oppido
527 4086 755 4150 dedicaverunt.
803 4085 969 4150 Praeterea
995 4086 1029 4149 in
1053 4085 1182 4170 Aegaeo
1212 4085 1293 4146 mari

10 4244 14 4267 ,
117 4189 236 4254 insulas
265 4189 357 4255 Iones
390 4199 636 4274 occupaverunt,
670 4215 748 4277 quas
777 4192 927 4277 Cycladas
961 4191 1129 4271 vocabant,
1158 4213 1293 4275 quarum

8 4282 15 4410 <i
115 4297 330 4362 nobilissimae
353 4303 426 4362 sunt
450 4300 584 4376 Andros,
612 4299 714 4377 Paros,
739 4299 880 4364 Delosffi.

208 4404 319 4482 Aeolii,
336 4405 679 4490 exeadem1⁴profeaci
697 4406 834 4484 Graecia,
850 4406 1105 4491 longissimisque
1121 4408 1184 4472 acti
1201 4427 1285 4470 erro·
1305 4411 1321 4444 *

142 4528 309 4581 Lattmann,
324 4530 442 4570 cornelius
456 4531 532 4580 Nepos
548 4532 637 4572 amand.
654 4535 676 4572 et
690 4533 765 4580 suppl.
794 4531 837 4570 led.
854 4531 921 4570 VIII.
1124 4513 1137 4565 Ῑ
