3074 4934
622 279 661 338 77

70 451 207 518 Graeciae
228 451 393 517 illatorum
420 455 514 535 atque
538 451 627 515 Darii
653 450 740 534 prius
764 450 876 516 deinde
898 451 1011 516 Xerxis
1033 451 1229 530 insolentiae,

70 581 174 643 aquam
195 559 283 643 ipsos
305 561 486 641 terramque
507 555 736 642 poscentiuml.
781 555 834 621 Ab
857 557 907 621 his
928 558 1048 641 templa
1075 557 1175 623 ruinis
1198 561 1230 623 et
1306 626 1308 630 ,

66 666 126 751 igni
147 666 261 744 deleta,
285 666 380 730 urbes
404 685 511 730 corum
535 667 741 749 expugnatas.
786 663 913 747 Illyrios
936 685 1011 728 vero
1039 669 1070 729 et
1093 663 1229 729 Thraces

69 771 170 858 rapto⁰
191 774 297 837 vivere
324 774 466 836 assuetos
492 771 593 837 aciem
615 770 754 836 hostium
778 791 856 834 auro
879 793 1081 855 purpuraque
1103 771 1229 856 fulgen-

66 883 122 944 tem
146 879 264 944 intueri
286 878 433 963 jubebat,
459 877 608 962 praedam
635 898 701 941 non
728 898 816 941 arma
838 882 1024 961 gestantem.
1069 875 1174 942 Irent⁷
1198 881 1264 942 ets

69 985 240 1051 imbellibus
263 984 389 1050 feminis
412 1005 523 1049 aurum
545 982 625 1047 riri8
648 983 813 1066 eriperent.

107 1187 151 1247 14.
198 1181 273 1247 Jam
299 1182 339 1245 ad
367 1179 424 1245 teli
442 1180 564 1264 jactum
586 1183 809 1263 pervenerant,
837 1178 927 1243 oum¹
949 1177 1120 1252 Persarum
1143 1177 1229 1262 equi·

67 1293 108 1352 tes
131 1288 278 1353 ferociter
305 1287 340 1351 in
361 1287 487 1352 laevum
508 1307 606 1350 cornu
629 1285 769 1351 hostium
791 1285 909 1350 invecti
931 1288 1013 1350 sunt.
1058 1283 1144 1349 Nam
1166 1283 1230 1348 Da-

66 1395 122 1459 rius
146 1394 286 1480 equestri
312 1393 434 1479 proelio
463 1393 630 1457 decernere
653 1391 795 1472 volebat,
822 1391 1015 1477 phalangem
1036 1390 1231 1456 Macedonici

68 1502 212 1566 exercitus
239 1501 338 1565 robur
367 1522 434 1565 esse
461 1504 558 1565 ratus.
603 1496 739 1583 Jamque
767 1499 912 1564 dextrum
934 1498 1110 1564 Alexandri
1133 1504 1285 1564 cornulo

68 1608 290 1673 circumibatur.
329 1605 422 1684 Quod
443 1606 500 1671 ubi
522 1605 651 1671 Macedo
676 1605 849 1690 conspexit,
871 1606 991 1670 duabus
1014 1605 1073 1670 alis
1089 1603 1232 1690 equitum

66 1715 100 1778 ad
120 1716 233 1800 jugum
260 1713 377 1777 montis
396 1710 513 1796 jussis*
536 1711 721 1790 subsistere,
749 1716 868 1776 ceteros
890 1711 924 1775 in
946 1711 1084 1777 medium
1106 1733 1232 1797 pugnae

68 1822 223 1886 discrimen
246 1820 403 1885 transfert.
442 1818 575 1884 Collatia
599 1815 717 1904 signis8
741 1819 820 1884 duae
844 1818 926 1883 acies
948 1818 994 1883 ita
1009 1819 1232 1884 cohaerebant

66 1933 98 1993 ut
117 1927 212 1992 armis
235 1949 323 1991 arma
345 1923 536 2010 pulsarent4,
558 1946 724 1990 mucrones
746 1925 781 1989 in
803 1947 859 1990 ora
882 1925 1061 2010 dirigerent.
1108 1924 1232 1990 Collato

66 2034 164 2116 pedel,
187 2033 278 2119 quasi
301 2032 419 2118 singuli
440 2033 524 2096 inter
546 2054 579 2096 se
602 2030 815 2112 dimicarent⁶,
837 2032 872 2096 in
893 2031 1003 2096 eodem
1017 2032 1285 2118 vestigans-15

66 2140 147 2219 bant,
178 2143 277 2206 donec
308 2139 460 2204 vincendo
491 2139 599 2203 locum
631 2139 693 2204 sibi
723 2139 876 2216 facerent3
908 2143 977 2203 tum
1005 2139 1131 2203 demum
1158 2162 1232 2224 pro·

14 2269 15 2298 τ
66 2247 228 2311 movebant
259 2245 407 2331 gradum,
439 2243 530 2309 cum⁷
561 2245 688 2310 hostem
714 2247 958 2329 prostraverant.
1008 2244 1054 2309 At
1080 2244 1233 2329 fatigatos

14 2365 15 2414 l
67 2352 132 2417 illos
146 2375 248 2418 novus
264 2351 441 2435 excipiebat
456 2351 667 2429 adversarius;
690 2373 749 2416 nec
764 2351 931 2430 vulnerati,
952 2353 989 2414 ut
1004 2351 1084 2415 alias
1100 2351 1204 2417 solent
1212 2350 1233 2430 ⁸,

67 2459 125 2525 acie
146 2464 294 2544 poterant
317 2459 476 2536 excedere,
503 2480 576 2524 cum
596 2458 698 2523 hostis
720 2459 853 2522 instaret
876 2481 895 2522 a
917 2457 1057 2538 frontel,
1081 2481 1099 2522 a
1121 2458 1234 2544 tergo⁹

68 2568 111 2630 sui
131 2570 289 2652 urgerent.
326 2565 508 2630 Alexander
529 2588 594 2632 non
617 2565 705 2630 ducis
728 2565 831 2650 magis
854 2587 951 2649 qnam
965 2565 1076 2630 militis
1084 2562 1112 2603 ¹⁰
1126 2565 1234 2630 munia
1253 2568 1288 2623 20

15 2743 16 2750 ,
68 2673 302 2758 exsequebatur,
340 2671 447 2754 opima
478 2672 580 2756 spolia
614 2692 703 2736 caeso
736 2693 812 2756 rege
845 2675 1003 2756 expetens.
1066 2671 1235 2738 Eminebat

66 2779 174 2845 Darius
203 2801 297 2844 curru
323 2777 511 2844 sublimisfl.
561 2777 619 2843 Cui
649 2801 720 2842 cum
747 2777 965 2844 Alexandrum
991 2778 1109 2844 instare
1137 2779 1236 2844 frater

68 2885 216 2952 Oxathres
232 2890 381 2964 comeret,
405 2887 534 2970 equites,
558 2885 673 2969 quibus
689 2889 843 2970 praeerat,
865 2890 938 2950 ante
952 2885 1058 2968 ipsum
1073 2885 1235 2951 currum¹²

70 2994 147 3078 regis
179 2993 304 3077 objecit.
354 2991 400 3058 At
421 2993 623 3071 Macedones,
655 2993 711 3077 qui
743 2993 826 3058 circa
857 3014 966 3078 regem
989 2997 1092 3072 erant,
1125 2993 1234 3058 cohor·

67 3099 122 3164 tati
142 3099 226 3164 inter
249 3122 282 3164 se
305 3121 377 3164 curn
399 3100 469 3184 ipso
491 3099 526 3164 in
548 3099 691 3184 equitum
714 3121 829 3186 agmen
843 3100 1032 3183 irrumpunt.
1062 3100 1145 3164 Tum
1160 3102 1269 3164 vero*

68 3205 173 3291 ingens
195 3209 318 3292 strages
342 3204 451 3272 erat¹⁸.
497 3205 588 3272 Girca
610 3227 737 3271 currmn
759 3206 851 3270 Darii
871 3206 1020 3289 jacebant
1046 3207 1234 3271 nobilissimi

69 3311 157 3378 duces
194 3317 268 3378 ante
306 3312 415 3378 oculos
452 3297 537 3398 regis
576 3313 672 3393 caesi,
714 3313 844 3378 adverso
888 3317 1016 3396 pectore
1052 3312 1235 3376 vulneribus
1302 3377 1305 3382 Α

69 3417 247 3503 acceptis143
279 3418 362 3484 circa
393 3441 447 3484 eos
478 3419 639 3484 cumulata
672 3423 741 3484 erat
771 3418 915 3503 peditum
942 3419 1147 3504 equitumque
1179 3419 1235 3484 ob·

70 3526 184 3590 scurior
220 3525 322 3590 turba.
372 3525 581 3591 Macedonum
619 3547 746 3610 quoque
783 3547 849 3590 non
880 3525 974 3590 multi
1006 3524 1146 3609 quidem,
1182 3526 1237 3590 sed

70 3631 291 3718 promptissimi
311 3636 417 3697 tamen
441 3632 523 3697 oaesi
546 3635 635 3710 sunt;
672 3630 881 3697 Alexandri²⁶
897 3632 1042 3696 dentum
1064 3631 1168 3698 femur
1190 3633 1235 3697 le·
1255 3633 1289 3688 30

69 3738 143 3804 riter
168 3760 319 3804 mucrone
345 3739 547 3821 perstrictum
575 3743 632 3804 est.
676 3737 813 3824 Jamque
841 3739 896 3824 qui
918 3738 1051 3804 Darium
1077 3739 1236 3805 vehebant

71 3845 146 3929 equi,
168 3845 308 3912 confossi
322 3845 423 3910 hastis
446 3850 478 3910 et
500 3845 611 3910 dolore
634 3844 764 3926 efferati,
782 3847 899 3931 jugum
921 3849 1052 3929 quatere
1075 3849 1106 3911 et
1128 3867 1236 3930 regem

72 3971 160 4017 curru
182 3956 327 4018 excutere
350 3955 526 4036 coeperant,
549 3951 657 4018 cum¹⁶
678 3952 734 4016 ille
756 3953 883 4030 veritus,
905 3951 979 4016 ne17
1002 3953 1092 4018 vivus
1115 3952 1236 4018 veniret

70 4055 252 4124 inhostium
266 4063 466 4142 potestatem,
488 4059 595 4138 desilit
615 4063 646 4124 et
667 4058 702 4122 in
725 4081 850 4142 equum,
873 4059 929 4142 qui
952 4060 992 4123 ad
1014 4059 1076 4124 hoc
1097 4057 1237 4142 ipsum¹⁸

73 4165 264 4247 sequebatur,
285 4164 500 4248 imponitur¹⁹,
523 4164 702 4250 insignibus
725 4165 858 4248 imperii,
880 4187 920 4230 ne
935 4166 1045 4251 fugam
1060 4165 1237 4248 proderent,
1256 4175 1289 4228 35

71 4267 210 4336 indecore
225 4271 368 4355 abjectis.
406 4271 488 4336 'lum
509 4293 583 4336 vero
607 4271 704 4336 ceteri
726 4270 953 4354 dissipantur²⁰
976 4277 1016 4351 et,
1040 4293 1103 4356 qua
1125 4269 1238 4354 cuique

73 4375 107 4438 ad
138 4377 249 4462 fugam
280 4377 411 4461 patebat
442 4377 507 4456 via,
539 4377 635 4442 armis
668 4377 799 4461 abjectis
832 4382 1009 4462 erumpunt.
1058 4376 1239 4442 Alexander
