3074 4934
828 262 889 320 112

269 439 381 518 diffisi,
413 459 576 502 murorum
607 435 763 519 praesidio
795 433 968 499 includunt.
1018 433 1158 498 Tantum
1190 456 1243 498 eos
1276 435 1445 519 degenera-

269 525 387 610 vissest
415 567 434 608 a
461 541 648 627 majoribus,
675 545 726 619 ut,
754 562 826 605 cum
852 540 962 604 multis
985 538 1154 605 saeculis¹⁴
1176 562 1286 604 murus
1309 539 1382 604 urbi
1404 541 1446 604 ci·

270 652 355 716 vium
386 651 488 716 virtus
511 649 619 729 fuerit,
646 653 722 714 tunc
746 649 829 712 civer
853 647 957 712 salvos
980 669 1013 712 se
1036 648 1104 713 fore
1126 647 1226 713 non²⁵
1249 649 1447 714 existimave-

269 759 344 839 rint,
366 759 429 824 nisi
450 758 535 822 intra
557 777 665 822 muros
688 756 837 820 laterent!

566 1393 665 1508 Ill.
722 1395 820 1508 Res
859 1393 1156 1508 Sicilienses.

769 1626 824 1694 ao.
871 1626 962 1712 (ΠΙ)

323 1829 350 1888 1.
397 1821 538 1888 Siciliam
570 1821 694 1886 feruntl
727 1821 870 1906 angristis
902 1821 1061 1905 quondam
1087 1820 1232 1886 faucibus
1256 1819 1370 1886 Italiae
1399 1822 1450 1886 ad·

276 1929 416 1995 haesisse
439 1929 690 2013 diremptamque
714 1949 781 1993 esse
804 1929 892 1992 velut
915 1951 934 1992 a
957 1949 1089 2012 corpore
1111 1929 1231 2012 majore
1254 1927 1377 2012 impetu
1405 1928 1451 1991 in-

276 2037 337 2102 feri
358 2035 468 2115 maris,
492 2036 578 2120 quod
600 2040 669 2120 toto
692 2035 848 2100 undarum
871 2057 965 2099 onere
988 2035 1065 2099 illuc
1087 2034 1221 2100 vehitur.
1270 2035 1452 2100 Proximum

223 2153 258 2206 10
276 2144 389 2209 ltaliae
420 2143 673 2228 promontorium
700 2141 860 2226 Rhegium
892 2142 1020 2220 dicitur,
1051 2141 1123 2206 ideo
1151 2143 1226 2226 qnia
1250 2141 1368 2206 Graece
1399 2144 1451 2208 ab·

277 2256 372 2336 rupta
398 2251 459 2315 hoc
486 2250 615 2315 nomine
643 2249 852 2334 appellantur.
897 2247 967 2314 Nec
994 2249 1124 2328 mirum,
1152 2248 1198 2313 sil
1225 2248 1375 2314 fabulosa
1407 2253 1452 2314 est

278 2359 342 2423 loci
361 2359 456 2442 hujus
477 2358 658 2442 antiquitas,
676 2357 710 2421 in
731 2355 844 2441 quem8
864 2379 914 2420 res
934 2360 984 2420 tot
1004 2356 1145 2421 coierunt
1164 2357 1270 2420 mirae.
1309 2355 1452 2420 Primum

240 2472 257 2500 ⁴*
278 2487 434 2548 nusquam
466 2468 532 2529 tam
563 2469 687 2529 torrens
719 2465 848 2541 fretum3
879 2465 1036 2528 undarum
1067 2463 1102 2528 in
1133 2485 1166 2528 se
1199 2464 1452 2529 concurrentium

279 2575 369 2634 tanta
391 2591 500 2656 pugna
523 2575 578 2648 est,
602 2575 638 2635 ut
661 2571 740 2635 alias
763 2571 863 2634 veluti
885 2575 977 2656 terga
1000 2571 1109 2636 dantes
1131 2571 1166 2634 in
1185 2570 1285 2634 imum
1306 2571 1453 2646 desidere,

226 2684 260 2737 15
280 2677 358 2740 alias
390 2677 481 2760 quasi
511 2677 655 2741 victrices
687 2677 721 2740 in
753 2678 888 2744 sublime
915 2677 991 2742 ferri
1018 2675 1153 2756 videas‘,
1180 2698 1265 2741 nunc
1292 2677 1454 2742 fremitum

280 2783 430 2848 ferventis
446 2787 560 2862 aestus,
575 2771 658 2848 nunc
674 2785 828 2868 gemitum
843 2784 877 2848 in
891 2785 1075 2870 voraginem
1091 2785 1259 2850 desidentis
1276 2785 1426 2849 exaudias
1433 2781 1453 2846 ⁴.

281 2891 446 2955 Accedunt
473 2890 569 2954 vicini
596 2897 627 2956 et
653 2892 798 2976 perpetui
821 2891 943 2956 Aetnae
970 2892 1088 2957 montis
1110 2893 1201 2976 ignes
1225 2895 1257 2955 et
1278 2891 1455 2956 insularum

282 2996 464 3077 Aeolldum,
486 2998 574 3063 velut
597 2999 625 3063 si
646 2998 743 3084 ipsis⁶
765 3000 799 3064 in
821 3000 913 3064 undis
937 3000 1040 3064 alatur
1062 2999 1249 3065 incendium.
1288 2997 1373 3062 Hinc
1397 2997 1455 3082 igi·

281 3109 334 3169 tnr
365 3105 493 3170 fabulae
525 3105 665 3190 Scyllam
698 3113 730 3172 et
762 3106 942 3192 Charybdin
980 3105 1196 3191 pepereruntl.
1253 3104 1393 3171 Aetnam
1426 3109 1456 3168 et

225 3218 262 3271 20
282 3235 352 3278 eam
384 3213 509 3279 Siciliae
546 3218 670 3298 partem
702 3213 853 3299 Cyclopes
891 3215 1031 3280 tenuisse
1069 3215 1229 3296 dicuntur,
1268 3213 1344 3298 qui⁷
1381 3211 1457 3277 Jovi

281 3319 400 3384 fulmen
424 3320 571 3385 fabricati
595 3343 661 3386 esse
684 3321 717 3385 in
741 3321 847 3386 Aetna
868 3309 1072 3406 putabantur.

328 3539 356 3595 2.
403 3531 530 3598 Siciliae
552 3533 655 3616 primo
671 3533 853 3600 Trinacriae
875 3558 992 3600 nomen
1014 3536 1095 3600 fuit1
1119 3561 1138 3601 a
1161 3536 1322 3620 triangula
1345 3534 1457 3619 specie.

284 3637 382 3722 Cujus
424 3661 522 3704 unum
563 3643 816 3724 promontorium
854 3642 1031 3708 Pelorum
1073 3648 1204 3709 vocatur
1246 3664 1381 3728 vergens
1426 3642 1458 3704 in

227 3749 264 3804 25
283 3743 423 3826 Italiam,
462 3745 681 3832 Pachynum
719 3749 854 3814 alterum
891 3751 924 3815 iu
964 3749 1141 3831 Graeciam,
1183 3751 1314 3816 tertium
1352 3749 1457 3833 Lily·

283 3853 416 3917 baeum
454 3853 494 3917 ad
526 3855 668 3921 Africam
706 3861 827 3940 spectat
865 3863 961 3943 atque
998 3859 1193 3924 occidentem
1230 3857 1358 3922 solem?
1406 3857 1458 3922 Ab

283 3956 397 4025 Italia³
435 3965 509 4024 sunt
547 3967 667 4046 septem
699 3963 857 4029 Aeoliae
895 3964 1057 4044 insulae,
1096 3961 1274 4049 appellatae
1312 3961 1459 4029 eaedem⁴

284 4064 522 4148 biparaeorum;
570 4069 714 4150 Aeoliae,
758 4073 843 4156 quod
880 4072 999 4136 Aeolus
1036 4071 1141 4137 Iliacis
1179 4071 1376 4154 temporibus
1414 4070 1460 4134 ibi

220 4198 221 4202 ¹
284 4173 437 4256 regnavit.
469 4172 608 4238 Siciliam
630 4177 767 4242 insulam
790 4179 881 4243 initio
898 4178 1005 4244 Sicani
1028 4179 1160 4244 coluisse
1184 4179 1340 4245 dicuntur.
1374 4178 1459 4254 Quos

229 4281 266 4336 30
286 4276 384 4342 Siculi
415 4303 455 4345 er
481 4280 576 4346 Italia
602 4283 738 4367 profecti
765 4285 799 4349 in
826 4285 1053 4352 occidentalem
1080 4287 1203 4352 insulae
1231 4290 1357 4369 partem
1379 4284 1459 4367 reje-

284 4389 409 4478 cerunt3
436 4387 498 4468 ipsi
518 4392 621 4452 cetera
640 4394 757 4456 tenent.
796 4391 858 4457 Sed
878 4414 966 4458 oram
981 4393 1172 4458 maritimam
1188 4393 1311 4476 aliquot
1326 4391 1460 4458 saeculis
