3074 4934
654 286 716 346 113

95 459 189 544 post⁶
214 459 323 525 Craeci
347 460 478 524 coloniis
502 459 643 525 deductis
667 465 909 543 occupaverunt.
948 459 1088 537 Quarum
1108 461 1270 526 vestustis-

96 569 194 632 simae
217 571 291 632 sunt
312 566 433 647 Naxus,
456 566 610 645 Leontini,
633 565 771 632 Catina⁶.
817 566 1038 634 Catinensibus
1062 568 1149 651 leges
1172 568 1270 651 scrip-

96 675 159 740 sit⁷
175 674 391 740 Charondae
415 697 442 738 a.
468 680 544 751 660;
567 673 601 738 in
624 673 739 758 quibus
761 695 826 738 non
849 674 962 753 solum,
986 678 1023 738 ut
1046 674 1130 738 cives
1153 674 1270 738 obtem·

94 787 244 867 perorent
266 779 531 866 oboedirentque8
553 780 801 866 magistratibus,
824 781 993 846 sedetiam
1008 786 1044 846 ut
1060 803 1113 846 eos
1130 781 1270 846 colerent

96 889 328 974 diligerentque
350 888 561 972 praescripsit.
600 887 661 954 Sed
676 887 770 952 tulit⁹
785 888 842 951 illa
858 889 1018 972 quondam
1032 887 1137 952 insula
1152 888 1270 953 multos
1289 897 1305 948 5
1400 943 1406 961 ,

96 993 164 1060 et¹⁰
202 995 342 1059 crudeles
380 999 570 1079 tyrannos.
627 994 868 1059 Crudelissimus
908 995 1049 1060 omnium
1085 994 1270 1080 Agrigenti·

95 1101 246 1168 norum¹¹
266 1102 327 1166 fnit
347 1105 499 1186 tyrannus
518 1102 709 1181 Phalaris,
738 1102 794 1185 qui
815 1105 943 1166 taurum
968 1123 1100 1166 aeneum
1123 1103 1271 1168 habuisse

96 1210 221 1288 dicitur,
244 1230 306 1293 quo
329 1209 417 1274 vivos
440 1208 588 1292 supplicii
610 1230 705 1272 causa
727 1208 890 1274 demittere
910 1209 1054 1273 homines
1071 1213 1102 1274 et
1117 1209 1270 1293 subjicere

96 1317 259 1381 flammam
281 1317 416 1394 solebat;
439 1316 634 1380 inclusorum
655 1315 820 1381 hominum
836 1316 958 1401 gemitu
973 1317 1137 1402 mugiebat
1152 1321 1271 1382 taurus.

96 1423 211 1488 Multis
240 1423 388 1489 cruciatis
412 1427 443 1487 et
465 1423 585 1488 necatis
607 1423 754 1488 universa
776 1424 904 1488 tandem
931 1423 965 1487 in
988 1446 1061 1488 eum
1083 1423 1267 1509 Agrigenti·
1290 1429 1323 1484 10

96 1553 212 1596 norum
244 1529 447 1596 multitudo¹²
479 1530 633 1614 impetum
659 1529 743 1596 fecit.
793 1529 915 1594 Poenas
945 1529 1031 1595 dedit
1057 1535 1210 1614 tyrannus
1238 1531 1272 1594 in

98 1638 233 1702 eundem
255 1643 381 1701 taurum
404 1638 572 1722 conjectus.

145 1876 174 1935 3.
219 1868 360 1932 Maxima
384 1868 576 1934 Graecorum
598 1869 674 1933 urbs
698 1873 730 1933 et
751 1868 964 1952 pulcherrima
986 1868 1133 1932 bierunt¹
1157 1867 1271 1952 Syra·

99 1992 224 2054 cusae,
256 1975 400 2040 conditae
428 1998 447 2039 a
474 1975 654 2041 Corinthiis.
699 1975 788 2040 Haec
820 1997 945 2059 quoque
978 1974 1089 2040 civitas
1121 1979 1270 2059 tyranno-

98 2105 171 2146 rum
199 2082 446 2148 dominationem
472 2082 556 2148 tulit.
602 2081 708 2160 Gelo,
736 2081 918 2146 Gelensium
945 2086 1112 2166 tyrannus,
1134 2082 1271 2146 reductis
1292 2096 1324 2150 15

99 2189 318 2272 optimatibus,
342 2188 397 2273 qui
420 2212 439 2252 a
460 2189 553 2273 plebe
577 2189 700 2273 expulsi
724 2194 821 2268 erant,
845 2187 1010 2272 Syracusis
1033 2188 1176 2272 potitust,
1200 2211 1272 2253 cum

100 2295 373 2381 Carthaginienses
396 2295 525 2361 Siciliae
548 2301 670 2379 partem
691 2299 834 2360 tenentes
857 2295 992 2374 vicisset,
1014 2317 1070 2359 rex
1094 2296 1271 2380 appellatus

100 2409 155 2468 est.
201 2401 309 2467 Idem⁸
341 2426 367 2469 a.
396 2402 468 2467 Chr.
496 2426 526 2470 n.
555 2409 633 2482 480,
671 2425 734 2488 quo
772 2403 821 2467 die
854 2402 965 2468 Graeci
1003 2404 1043 2467 ad
1080 2402 1271 2468 Salaminem

99 2510 252 2588 vicerunt,
290 2509 565 2595 Carthaginienses
604 2511 643 2575 ad
681 2509 902 2575 Himeram
941 2533 1065 2574 amnem
1103 2511 1271 2595 superavit.

99 2615 218 2680 Hiero
250 2622 324 2700 post
350 2616 458 2681 fratris
485 2621 620 2681 mortem
648 2617 794 2701 regnavit
817 2618 923 2682 decem
953 2639 1066 2696 annos,
1097 2620 1272 2700 poetarum,
1291 2630 1325 2684 20

99 2723 256 2808 imprimis
288 2723 444 2788 Pindari
475 2725 622 2788 laudibus
654 2724 839 2789 celebratus.
885 2725 933 2788 De
957 2723 1150 2790 Simonide
1177 2728 1273 2808 poeta

101 2852 173 2894 cum
196 2829 419 2914 quaesivisset*
442 2835 594 2915 tyrannus
617 2829 725 2910 Hiero,
748 2831 845 2916 quid⁶
869 2836 923 2896 aut
947 2830 1060 2915 quale⁶
1085 2834 1165 2895 esset
1188 2831 1273 2908 dens,

101 2937 295 3002 deliberandi
327 2960 420 3003 causa
452 2938 513 3003 sibi
544 2961 643 3003 unum
672 2939 754 3002 diem
781 2939 964 3023 postulavit.
1013 2938 1091 3003 Cum
1114 2935 1212 3002 idem⁶
1235 2959 1274 3001 ex

102 3066 137 3108 eo
170 3045 321 3128 postridie
354 3043 545 3129 quaererer,
576 3045 709 3110 biduum
740 3044 885 3129 petivit⁴;
918 3067 990 3109 cum
1022 3045 1147 3128 saepius
1170 3043 1273 3129 dupli-

103 3155 188 3217 caret
214 3175 380 3217 numerum
407 3153 527 3217 dierum
556 3153 776 3236 admiransque
804 3152 902 3216 Hiero
930 3153 1114 3236 requireret,
1147 3173 1202 3215 cur
1228 3151 1274 3214 ita
1292 3163 1327 3216 25

102 3260 232 3339 faceret,
256 3261 345 3340 Quia,
369 3259 507 3344 quanto⁷
530 3259 646 3324 diutius
671 3260 845 3336 considero,
868 3258 984 3343 inquit,
1010 3263 1099 3322 tanto
1123 3257 1201 3321 mihi
1224 3279 1274 3321 res

101 3367 225 3431 videtur
257 3367 428 3432 obscurior.
479 3365 618 3430 Hierone
650 3371 789 3446 mortuo,
822 3365 1040 3449 Thrasybulus
1076 3365 1144 3448 ejus
1176 3363 1275 3428 frater

103 3497 175 3538 cum
197 3475 365 3540 crudeliter
387 3473 582 3559 imperaretl,
613 3475 778 3538 undecimo
807 3496 913 3538 mense
942 3471 1078 3556 ejicitur3
1112 3469 1274 3555 popularis

102 3581 151 3644 rei
171 3582 317 3666 publicae
340 3580 459 3646 status⁰
481 3581 666 3646 restituitur.

192 3689 374 3774 Sequuntur
396 3688 497 3752 multa
520 3686 581 3753 et¹⁰
604 3688 756 3753 acerrima
779 3688 941 3753 civitatum
962 3685 1177 3752 Siciliensium
1192 3685 1276 3748 inter
1294 3695 1329 3750 30

106 3795 167 3858 se²¹
188 3796 281 3875 bella,
305 3796 420 3881 quibus
444 3796 594 3860 adductos
618 3794 807 3880 Segestanos
831 3795 984 3859 auxilium
1010 3793 1050 3857 ab
1073 3791 1275 3858 Atheniensi·

106 3901 163 3966 bus
185 3904 310 3986 petisse,
335 3925 430 3986 supra
453 3901 774 3968 demonstravimus¹².

161 4490 324 4542 Lattmann,
339 4489 458 4532 Cornelius
472 4490 549 4538 Nepos
564 4489 652 4530 emend.
668 4493 691 4530 et
704 4489 779 4536 suppl.
808 4488 851 4528 Ed.
869 4487 937 4527 v111.
1102 4483 1118 4536 8
