3092 4938
836 262 877 320 54

271 440 320 502 tes
342 435 512 500 identidem
534 457 584 500 res
607 435 687 500 mari
708 434 790 500 bene
811 429 1003 519 gesserunt⁸,
1026 425 1272 494 Atheniensibus
1294 421 1371 505 ipsis
1391 441 1444 484 ro·

272 541 422 626 gentibus
454 542 494 606 ad
520 563 631 628 pacem
658 540 908 606 constituendam
934 536 1074 602 omnium
1101 533 1264 599 civitatum
1291 549 1444 594 convene-
1533 559 1534 568 κ

271 647 366 713 runt⁰
399 646 548 731 Spartam
574 647 681 733 legati.
731 645 843 711 (loram
870 646 931 711 hoc
957 640 1213 728 frequentissimo
1246 636 1446 722 legationum

272 757 428 820 conventu
454 753 735 837 Epemmondas
760 752 987 817 Thebanorum
1012 749 1137 834 legatus
1164 745 1210 810 sic
1236 743 1445 808 Lacedaemo·
1532 737 1533 748 ’

237 861 398 926 ὅῃὶοωιιι
423 859 621 944 tyrannidem
650 859 808 945 coarguit,
837 864 873 924 ut
899 880 963 922 non
991 856 1094 920 minus
1122 853 1179 918 illa
1202 850 1344 916 oratione
1366 869 1445 932 opes
1532 868 1533 885 ¹

273 989 381 1032 eorum
413 963 638 1030 concusserit¹⁰
670 987 766 1050 quam
796 968 908 1048 postea
935 963 1038 1028 armis.
1083 960 1166 1025 Tum
1194 956 1278 1022 enim
1304 955 1447 1040 perfecit,

273 1073 357 1157 quod
379 1073 506 1156 quidem
528 1077 601 1156 post
622 1071 781 1156 apparuit,
804 1076 840 1136 nt
861 1068 1124 1135 Lacedaemonios
1146 1066 1263 1149 injuste
1285 1062 1446 1145 imperan-

272 1185 320 1244 tes
339 1183 468 1262 repente
484 1200 593 1243 omnes
608 1179 674 1244 fere
690 1179 768 1244 socii
790 1179 968 1242 desererent
989 1179 1244 1258 spectatoresque
1266 1192 1300 1234 se
1323 1169 1446 1234 otiosos
1532 1166 1535 1269 J

271 1285 458 1368 praeberent
479 1284 660 1350 Leuctricae
682 1285 880 1352 calamitatis.
1534 1269 1535 1296 ³

221 1495 255 1553 1⁰
318 1505 346 1564 6.
392 1497 510 1566 Thebis
536 1497 663 1564 foedere
691 1499 824 1566 exclusis
852 1497 941 1567 cuml
965 1496 1184 1578 Cleombrotus
1211 1515 1267 1560 rex
1289 1489 1446 1558 Lacedae·
1533 1475 1535 1490 ,

271 1605 451 1674 moniorum
477 1606 584 1692 copias
610 1606 644 1678 iu
666 1605 832 1674 Boeotiam
861 1606 999 1684 duceret,
1025 1603 1146 1670 multae
1169 1601 1279 1668 eodem
1301 1603 1446 1682 tempore
1533 1655 1534 1686 3

273 1715 304 1780 et
329 1711 583 1780 Lacedaemoniis
611 1717 643 1777 et
665 1711 824 1778 Thebanis
851 1717 923 1778 ante
945 1710 1141 1780 Leuctricam
1166 1727 1310 1796 pugnam
1337 1727 1446 1770 rerum

272 1818 451 1888 futurarum
478 1819 723 1906 significationes
749 1819 851 1889 factae
879 1823 962 1888 sunt.
1007 1816 1126 1884 Thebis
1152 1815 1187 1880 in
1213 1813 1333 1902 templo
1361 1811 1445 1878 Her·

273 1925 351 1990 culis
378 1925 488 1994 valvae
516 1927 640 1992 clausae
666 1925 826 2012 repagulis
853 1925 959 1991 subito
987 1946 1021 1990 se
1047 1923 1154 2008 ipsael
1181 1922 1372 2008 aperuerunt
1395 1941 1445 1982 ar·

221 2041 253 2095 15
272 2053 394 2116 meque,
417 2054 498 2118 quae
512 2032 576 2102 fixa
597 2033 631 2096 in
652 2032 825 2118 parietibus
847 2030 1000 2110 merear,
1024 2054 1060 2096 ea
1082 2034 1156 2096 sunt
1177 2025 1285 2094 humi*
1307 2026 1445 2093 inventa.

273 2137 364 2218 Quod
389 2139 627 2224 Epaminondas
657 2163 730 2206 cnm
757 2140 895 2206 exercitu
922 2139 1121 2224 proficiscens
1147 2137 1194 2205 ita
1220 2135 1445 2218 interpretatus

272 2250 333 2326 est,
360 2249 396 2312 ut
418 2247 492 2322 deos
514 2247 576 2313 iter
598 2269 690 2314 suum
712 2247 803 2331 sequi
825 2247 954 2324 diceret,
976 2249 1013 2310 ut
1034 2243 1263 2332 proeliantibus
1286 2240 1364 2326 ipsis
1389 2239 1444 2304 ad·

272 2358 384 2420 essent.
430 2354 571 2440 Cumque
609 2357 720 2422 eodem
756 2360 899 2440 tempore
937 2354 1020 2438 apud
1052 2352 1223 2422 Lebadiam
1260 2347 1445 2432 Trophonio

271 2480 321 2524 res
348 2460 455 2528 divina
480 2461 582 2539 fieret,
609 2461 688 2548 galli
714 2461 882 2546 gallinacei
908 2462 942 2528 in
965 2483 1001 2527 eo
1024 2461 1096 2532 loco
1119 2459 1164 2524 sio
1185 2457 1310 2526 assidue
1334 2476 1446 2520 canere

219 2570 254 2625 20
271 2571 454 2650 coeperunt,
481 2571 518 2632 ut
544 2567 625 2634 nihil
652 2568 908 2646 intermitterent3
939 2573 1009 2635 tum
1036 2587 1171 2652 augures
1200 2564 1314 2630 dixisse
1342 2560 1444 2624 Boeo-

271 2671 335 2738 tios
362 2672 479 2750 ferunt,
508 2673 750 2745 Thebanorum⁶
778 2697 845 2742 esse
873 2675 1051 2754 victoriam,
1078 2677 1247 2760 propterea
1270 2669 1356 2754 quod
1377 2667 1445 2733 avis

271 2778 329 2844 illa
350 2777 435 2844 victa
456 2779 549 2850 silere
571 2779 697 2859 soleret,
720 2803 840 2862 canere,
861 2781 892 2845 si
914 2778 1067 2846 vicisset⁶.
1112 2777 1234 2846 Eadem
1255 2777 1445 2860 tempestate

271 2884 380 2956 multis
411 2885 511 2970 signis
542 2886 794 2956 Lacedaemoniis
825 2887 1005 2956 Leuctricae
1036 2906 1162 2971 pugnae
1194 2881 1358 2949 calamitas
1392 2882 1444 2946 de-

237 2991 485 3066 *nuntiabatua
549 2992 695 3077 Namque
741 2995 775 3058 in
822 2993 975 3078 Lysandri
1018 2997 1137 3072 statua,
1184 3013 1265 3076 quae
1307 2987 1444 3074 Delphis
1536 2983 1537 2986 '

220 3111 255 3164 25
272 3098 392 3180 stabat,
434 3100 468 3166 in
506 3101 608 3186 capite
646 3122 763 3168 corona
801 3101 905 3166 subito
944 3100 1065 3166 exstitit
1101 3122 1142 3169 ex
1180 3097 1299 3182 asperis
1336 3096 1444 3160 herbis

270 3209 304 3282 et
344 3206 536 3292 agrestibus
579 3243 622 3256 -
665 3208 838 3294 stellaeque
880 3229 1006 3288 aureae,
1055 3229 1136 3292 qnae
1178 3204 1312 3288 Delphis
1355 3207 1444 3268 erant

272 3335 291 3376 a
320 3311 574 3380 Lacedaemoniis
605 3315 728 3400 poeitae
759 3318 833 3398 post
869 3314 1015 3386 navalmn
1052 3315 1142 3382 illam
1179 3311 1347 3382 victoriam
1383 3309 1444 3394 Ly·

272 3420 389 3498 sandri,
421 3407 485 3504 qua
510 3421 723 3488 Athenienses
750 3421 963 3501 conciderunt,
987 3461 1030 3474 -
1053 3422 1131 3506 [qua
1157 3420 1191 3490 in
1218 3439 1327 3504 pugna
1350 3415 1443 3502 quia⁷

272 3524 383 3588 Oastor
420 3529 451 3590 et
487 3526 606 3592 Pollux
650 3527 742 3592 cum8
779 3527 1098 3593 Lacedaemoniorum
1140 3526 1239 3591 classe
1278 3524 1338 3589 visi
1376 3545 1444 3586 esse

218 3641 253 3698 30
272 3631 469 3709 dicebantur,
516 3655 626 3698 eorum
671 3635 810 3719 insignia
856 3635 1000 3713 deorum,
1043 3633 1155 3700 stellae
1203 3652 1324 3714 aureae,
1364 3650 1443 3713 quas

272 3739 369 3818 dixi⁰,
405 3739 538 3828 Delphis
574 3741 697 3824 positae
734 3741 821 3826 sunt)
856 3779 896 3790 —
930 3763 984 3806 eae
1015 3741 1111 3825 paulo
1144 3743 1217 3804 ante
1248 3736 1444 3802 Leuctricam

270 3867 411 3931 pugnam
449 3847 630 3912 deciderunt
667 3869 769 3932 neque
805 3853 948 3934 repertae
981 3853 1062 3912 sunt
1117 3845 1199 3910 Tum
1230 3845 1265 3908 in
1295 3843 1443 3908 Herculis

271 3951 346 4018 fano
383 3976 472 4018 arma
509 3958 683 4020 sonuerunt
713 3952 923 4039 Herculisque
960 3953 1164 4018 simulacrum
1195 3951 1296 4016 multo
1330 3950 1444 4015 sudore

270 4059 455 4126 manavit10.
500 4060 675 4126 Maximum
702 4082 776 4125 vero
804 4060 884 4125 illud
912 4065 1095 4144 portentum
1117 4057 1250 4124 isdem¹¹
1274 4057 1442 4142 Spartiatis

217 4171 253 4228 et
271 4167 346 4247 fuit,
380 4169 477 4252 quod,
509 4189 581 4232 cum
613 4168 775 4232 oraculum
808 4167 848 4232 ab
876 4165 957 4232 Jove
983 4167 1155 4232 Dodonaeo
1188 4165 1374 4250 petivissent
1406 4165 1443 4228 de

271 4275 402 4339 victoria
429 4276 636 4353 sciscitantes,
662 4274 823 4360 legatique
846 4295 901 4338 vas
924 4273 1016 4358 illud,
1044 4273 1078 4337 in
1102 4295 1164 4358 qno
1187 4273 1312 4337 inerant
1334 4275 1443 4344 sortes,

272 4381 520 4460 collocavissent,
543 4381 643 4457 simia,
668 4402 762 4464 quam
780 4403 836 4444 rex
851 4379 1064 4446 Molossorum
1078 4379 1112 4444 in
1128 4379 1247 4445 deliciis
1262 4377 1443 4454 habebat¹²,
