3074 4934
440 636 493 703 19.
538 635 682 702 Bellum
704 635 919 702 Lamiacum.
964 636 1137 703 Phocion.
1160 635 1253 719 (ΠΙ)

306 828 333 890 1.
380 823 560 889 Alexandro
605 819 770 906 Babylone
814 825 941 888 mortuo
979 821 1013 886 in
1051 821 1184 888 Graecia
1221 819 1440 886 Athenienses

259 931 389 1008 bellum,
422 929 507 1012 quod
535 929 605 1012 jam
635 925 708 992 vivo
732 927 913 994 Alexandro
945 932 1118 1004 moverant,
1149 925 1282 992 summis
1307 925 1440 992 viribus

259 1037 424 1121 parabant,
455 1040 492 1100 ut
513 1034 649 1119 imperio
681 1034 889 1102 Macedonum
919 1035 1137 1100 liberarentur.
1183 1033 1352 1100 Gonhaeto
1374 1034 1439 1099 tri-

225 1145 351 1230 tginta
387 1142 514 1208 milium
552 1141 694 1207 exercitu
731 1147 763 1207 et
800 1143 942 1208 duoentis
973 1142 1109 1208 navibus
1140 1140 1347 1226 Antipatrum
1380 1141 1439 1204 de·

259 1255 447 1316 tractantem
479 1249 635 1333 proelium
667 1253 699 1313 et
725 1249 875 1315 Lamiae
907 1249 995 1314 urbis
1026 1249 1193 1314 moenibus
1226 1270 1259 1312 se
1290 1251 1438 1314 tuentem

261 1356 427 1422 obsidione
465 1357 605 1440 cingunt.
664 1355 786 1420 Eodem
822 1361 965 1440 tempore
1002 1356 1280 1422 Demosthenes
1318 1359 1438 1433 orator,

260 1464 371 1547 pulsus
400 1463 504 1546 patria
535 1463 577 1528 ob
609 1463 727 1528 crimen
759 1463 897 1547 accepti²
920 1464 960 1528 ab
983 1462 1127 1547 Harpalo
1148 1461 1229 1541 auri,
1260 1461 1344 1528 forte
1364 1461 1437 1526 Me·

260 1571 346 1656 garis
372 1569 547 1636 exsulabat.
593 1567 655 1646 Qui
681 1574 718 1634 nt
744 1570 877 1634 missum
903 1571 944 1635 ab
967 1569 1216 1636 Atheniensibus
1238 1567 1436 1652 Hyperidem

210 1683 242 1737 10
261 1679 405 1764 legatum
437 1676 600 1761 cognovit,
633 1677 688 1760 qui
719 1677 964 1760 Peleponnesios
995 1678 1029 1742 in
1061 1677 1244 1742 societatem
1275 1695 1435 1740 armorum

260 1784 455 1862 sollicitaret,
487 1788 612 1848 secutus
644 1805 717 1848 eum
749 1782 885 1868 Sicyone
918 1789 949 1849 et
975 1783 1081 1869 Argos
1110 1787 1141 1847 et
1165 1781 1358 1848 'Corinthum
1385 1803 1434 1845 oe-

261 1897 408 1975 terasque
446 1891 589 1956 civitates
628 1891 808 1974 eloquentia
846 1915 904 1958 sua
934 1891 1185 1958 Atheniensibus
1220 1888 1337 1973 junxit.
1384 1886 1433 1954 Ob

261 1999 346 2083 quod
366 1997 501 2076 facturn,
528 1997 625 2062 missa
647 1998 688 2062 ab
711 1997 960 2064 Atheniensibus
983 1998 1111 2063 obviarn
1132 2018 1228 2074 nave,
1255 1995 1296 2060 ab
1319 1995 1432 2060 essidio

260 2108 424 2172 revocatus
448 2108 504 2170 est.
548 2103 682 2170 Interim
703 2105 738 2168 in
759 2105 927 2200 obsidione
949 2104 1115 2190 Antipatri
1135 2103 1342 2184 leosthenes,
1371 2103 1433 2168 dur

210 2217 242 2270 15
261 2211 513 2290 Atheniensium,
550 2211 615 2276 telo
648 2234 668 2276 a
699 2212 800 2276 muris
830 2213 865 2276 in
895 2215 1112 2277 nauseantem
1146 2211 1233 2295 jacto
1271 2209 1433 2274 occiditrn.

261 2318 427 2384 Auxilium
450 2319 561 2384 deinde
582 2318 754 2403 Antipater
777 2343 796 2384 a
817 2324 980 2384 Leonnato
1007 2341 1064 2402 por
1094 2319 1219 2403 legatos
1250 2315 1347 2400 petit3
1379 2315 1434 2399 qui

260 2447 333 2490 oum
355 2425 462 2490 venire
485 2447 557 2490 cnm
578 2426 718 2490 exercitu
740 2426 906 2492 nuntiatus
935 2430 1030 2503 esset,
1057 2425 1144 2490 obvii
1171 2424 1201 2488 ei
1222 2423 1432 2488 Athenienses

261 2553 333 2596 cum
370 2531 533 2597 instructis
571 2532 671 2616 copiis
702 2531 838 2598 fnerrmt.
883 2533 1034 2617 Equestri
1064 2532 1186 2616 proelio
1218 2530 1431 2595 Leonnatus

261 2637 364 2702 victus
403 2643 435 2702 et
472 2639 657 2703 interfecta
695 2644 751 2706 est.
811 2641 1018 2724 Antipater
1054 2638 1182 2704 tametsi
1220 2636 1342 2702 auxilia
1378 2657 1431 2700 sua

209 2749 243 2803 20
262 2743 391 2809 videbat
427 2745 531 2823 victa,
568 2745 694 2810 morte-²
731 2750 837 2812 tamen
875 2747 990 2813 aemuli
1026 2747 1163 2812 laetatus
1201 2749 1258 2810 est
1320 2741 1431 2808 Statim

262 2851 400 2916 exercitu
428 2852 495 2935 ejus
522 2851 707 2916 moenibus8
733 2859 872 2937 recepto,
900 2875 972 2918 curn
1003 2875 1062 2938 par
1092 2852 1240 2917 hostibus
1265 2849 1430 2924 videretur,

263 2980 302 3022 ex
326 2958 441 3042 oppido
464 2959 622 3042 profectus
646 2959 686 3023 ad
709 2959 917 3024 Cranonem
939 2961 1061 3044 proelio
1079 2958 1215 3024 Graecos
1230 2957 1316 3024 vicit.
1331 2955 1428 3042 (322.)

308 3180 337 3237 2.
382 3172 591 3238 Athenienses
614 3172 807 3238 Phocione
834 3177 960 3238 anctore
986 3195 1097 3256 paoem
1119 3172 1263 3238 fecerunt
1284 3169 1337 3236 his
1361 3190 1428 3233 oon-

264 3278 446 3358 ditionibus,
468 3282 505 3343 ut
527 3279 719 3362 praesidium
741 3279 948 3344 Macedonum
970 3279 1004 3344 in
1026 3283 1123 3362 portu
1142 3277 1316 3362 Munychia
1338 3295 1428 3360 pone·

210 3391 242 3444 25
261 3387 381 3466 retur²,
412 3387 458 3452 rei
489 3386 634 3470 publicae
665 3385 787 3452 status²
814 3392 990 3452 mutaretur
1017 3387 1222 3471 hominesque
1249 3376 1429 3468 popularet

262 3493 346 3556 inter
373 3515 426 3558 eos
447 3493 676 3558 Demosthenes
705 3499 736 3559 et
758 3495 936 3580 Hyperides
960 3499 1100 3560 oratores
1122 3495 1328 3570 traderentur.
1373 3485 1428 3565 Qui

264 3620 336 3664 oum
366 3599 537 3684 fugissent,
570 3600 609 3664 ab
641 3599 812 3684 Antipatro
844 3601 934 3666 missi
962 3605 1049 3679 sunt,
1081 3601 1137 3686 qui
1163 3601 1428 3684 persequerentur.

264 3705 366 3772 Ceteri
389 3706 607 3790 comprehensi
621 3707 782 3791 suppliciis
798 3708 902 3773 affecti
917 3712 1000 3786 sunt,
1022 3707 1253 3774 Demosthenes
1268 3706 1302 3770 in
1317 3701 1429 3786 templo

263 3811 416 3897 Neptuni,
441 3814 525 3896 quod
549 3818 596 3878 est
619 3813 654 3878 in
675 3814 780 3880 insula
803 3813 977 3893 Calauria&
999 3837 1155 3880 venenum
1177 3813 1321 3896 sumpsit.

210 3923 245 3978 30
354 3919 483 3984 Mortuo
511 3920 683 4004 Antipatro
714 3920 921 3988 Cassander
954 3923 1022 4005 ejus
1053 3921 1138 3986 filius
1165 3919 1278 3985 Piraeo
1310 3936 1429 4002 quoque

264 4030 360 4110 portu
386 4026 508 4112 potitus
531 4031 579 4091 est
602 4029 712 4092 eodem
726 4027 887 4094 Phocione
910 4027 1180 4112 optimatibusque
1203 4024 1429 4112 adjuvantibus.

264 4131 366 4198 Erant
398 4134 482 4198 enim
510 4154 546 4198 eo
575 4138 715 4217 tempore
741 4134 879 4200 Athenis
907 4136 986 4199 dnae
1013 4134 1180 4212 factiones,
1212 4155 1346 4218 quarum
1372 4149 1430 4192 una

264 4241 375 4322 populi
398 4263 524 4305 oausam
547 4240 671 4325 agebat,
694 4241 794 4306 altera
816 4240 1044 4324 optimatium⁶.
1090 4240 1129 4306 In
1151 4241 1210 4306 hao
1234 4243 1323 4303 erant
1338 4237 1429 4302 Pho·

267 4346 352 4409 cion
375 4349 407 4409 et
429 4346 646 4410 Demetrius
669 4346 886 4411 Phalereus.
933 4347 1055 4411 Harum
1077 4351 1212 4431 utraque
1228 4345 1428 4410 Macedonum
