3092 4938
656 233 697 290 53

106 401 236 464 exsulum
262 402 436 485 perscripta
463 405 558 466 erant.
611 402 699 480 Quae
726 425 797 468 cum
820 403 887 487 jam
916 401 1100 467 accubanti⁶
1126 401 1160 466 in
1187 423 1260 466 con-

106 507 179 572 vivio
210 513 288 574 esset
320 509 406 585 data,
438 509 520 573 sicut
553 513 620 574 erat
651 509 775 596 signata
808 509 867 574 sub
898 508 1064 592 pulvinum
1092 507 1261 592 subjiciens

110 614 157 691 „ln
178 615 359 693 crastinum,
386 615 503 699 inquit,
531 616 640 680 differo
663 639 713 682 res
737 617 860 682 serias.“
910 615 955 680 At
977 614 1025 680 illi
1048 636 1165 693 omnes,
1189 637 1261 679 cum

102 723 256 812 jamnor
293 722 511 805 processisset,
548 723 702 788 vinolenti
734 724 774 788 ab
807 723 967 788 exsulibus
999 723 1076 786 duce
1108 721 1262 805 Pelopida

105 831 168 892 sunt
192 827 357 893 interfecti.
405 827 526 904 Quibus
553 829 648 894 rebus
676 829 835 909 confectis,
862 830 959 913 vulgo
988 829 1029 892 ad
1056 850 1143 892 arma
1164 827 1295 892 liber-5

104 938 250 1018 tatemque
281 933 427 1014 vocato⁰‚
459 957 524 1000 non
556 937 660 1000 solum
692 936 748 1020 qui
779 937 812 1000 in
843 936 922 1001 urbe
951 939 1052 1014 erant,
1084 935 1138 999 sed
1166 934 1262 998 etiem

104 1040 229 1124 undique
262 1061 300 1104 ex
332 1041 417 1124 agris
449 1046 688 1122 concurrerimt‚
720 1043 912 1126 praesidium
945 1041 1262 1106 Lacedaemoniorum

103 1169 134 1210 er
164 1169 233 1212 arce
264 1149 468 1232 pepulerunt,
505 1149 642 1232 patriam
674 1150 837 1215 obsidione
869 1150 1058 1224 liberarunt,
1097 1145 1261 1213 auctores⁷

103 1251 245 1319 Cadmeae
283 1257 483 1339 occupandae
520 1257 636 1339 partim
674 1257 856 1322 occiderunt
891 1257 1009 1340 partim
1045 1257 1079 1320 in
1117 1255 1262 1320 exsilium

103 1360 257 1442 ejecerunt.
1281 1367 1314 1422 10

140 1527 166 1583 4.
209 1519 285 1586 Jam
321 1523 424 1587 media
461 1523 564 1588 hieme
603 1523 821 1590 Cleombrotus
859 1545 913 1588 rex
945 1521 1263 1588 lacedaemoniorum

104 1625 131 1688 in
151 1627 313 1693 Boeotiam
336 1629 470 1709 invadit,
499 1653 591 1714 quern
615 1631 711 1715 paulo
739 1635 812 1714 post
853 1631 953 1694 altero
982 1629 1121 1694 exercitu
1150 1632 1261 1693 coacto

102 1733 261 1816 Agesilaus
293 1740 418 1800 secutus
452 1741 506 1801 est.
558 1735 619 1801 Sed
647 1758 718 1801 cum
746 1737 891 1801 Thebani
918 1736 1045 1801 fortiter
1071 1735 1260 1817 resisterent,

103 1837 302 1905 Athenienses
341 1843 380 1906 ad
418 1863 526 1906 eorum
563 1847 669 1926 partes
707 1848 814 1927 aperte
851 1843 1045 1907 transierunt
1082 1841 1262 1925 auxiliaque

101 1943 253 2012 Chabria
281 1948 358 2012 duce
386 1949 547 2014 miserunt.
594 1949 656 2013 Hic
682 1950 731 2014 vir
757 1950 791 2014 in
818 1949 948 2014 summis
975 1947 1101 2014 habitus
1129 1952 1177 2012 est
1205 1949 1261 2011 du·
1282 1953 1313 2006 15

101 2051 178 2117 cibus
200 2076 315 2139 resque
337 2055 454 2119 multas
476 2056 628 2121 memoria
651 2055 782 2141 dignas1
805 2056 911 2140 gessit.
950 2055 1012 2120 Sed
1035 2077 1074 2118 ex
1096 2054 1146 2117 his
1162 2054 1264 2117 elucet

99 2159 225 2224 maxime
249 2161 413 2226 inventum
436 2162 503 2245 ejus
523 2163 556 2226 in
572 2163 692 2245 proelio
700 2161 721 2240 ¹,
744 2163 829 2246 quod
845 2162 928 2246 apud
943 2161 1068 2226 Thebas
1083 2160 1167 2238 fecit,
1190 2180 1262 2222 cum

100 2263 228 2331 Boeotiis
256 2267 396 2353 subsidio
424 2268 567 2335 venisset.
612 2267 696 2334 Nam
723 2269 757 2333 in
785 2290 835 2346 eo,
862 2268 980 2352 fugatis
1004 2268 1073 2351 jam
1101 2265 1261 2330 conducti·

100 2369 149 2434 ciis
175 2373 321 2452 catervis,
348 2373 504 2458 reliquam
531 2375 723 2460 phalangem
751 2375 821 2440 loco
849 2372 969 2438 vetuit³
999 2373 1107 2438 cedere
1131 2373 1261 2437 obnixo·

99 2498 152 2558 que
172 2499 258 2563 genu
280 2477 398 2560 scut0⁴‚
426 2481 567 2564 projecta
589 2481 681 2546 hasta
703 2482 856 2564 impetum
879 2480 1021 2565 excipere
1043 2479 1185 2545 hostiurn
1208 2480 1262 2544 do·
1281 2484 1316 2540 20

99 2583 162 2648 cuit.
211 2583 250 2650 ld
283 2584 420 2650 novum⁵
452 2585 621 2671 Agesilaus
653 2587 779 2651 intuens
812 2587 960 2671 progredi
991 2609 1056 2651 non
1088 2590 1136 2650 est
1168 2607 1262 2650 ausus

101 2711 228 2775 suosque
254 2693 321 2776 jam
347 2693 541 2758 incurrentes
564 2694 642 2757 tuba
663 2693 832 2757 revocavit.
878 2692 950 2757 Hoc
973 2693 1050 2758 adeo
1074 2697 1143 2758 tote
1166 2691 1262 2757 Grae-

98 2796 140 2861 cia
168 2797 256 2862 fama
284 2798 477 2862 celebratum
505 2803 565 2878 est,
597 2804 634 2863 ut
660 2799 716 2863 illo
745 2802 830 2863 statu
857 2797 1008 2864 Chabrias
1036 2798 1097 2864 sibi
1125 2802 1262 2863 statuam

98 2902 157 2966 fieri
182 2903 354 2983 voluerit⁶‚
382 2927 462 2989 quae
489 2905 615 2990 publice
643 2905 671 2969 ei
699 2905 738 2970 ab
761 2904 1007 2970 Atheniensibus
1034 2905 1068 2970 in
1095 2905 1166 2969 foro
1190 2926 1262 2969 con-

98 3009 201 3076 stituta
225 3014 281 3075 est.
1280 3017 1314 3072 25

177 3117 292 3201 Neque
328 3117 457 3182 meliore
489 3118 566 3182 belli
596 3119 726 3183 fortuna
757 3119 994 3184 Lacedaemonii
1025 3119 1263 3203 insequentibus

96 3222 177 3286 annis
210 3223 262 3287 usi
295 3223 395 3288 sunt⁷.
440 3223 592 3308 Magnam
624 3226 704 3290 mari
732 3225 852 3290 cladem
881 3224 985 3290 idem8
1012 3225 1194 3290 Chabrias
1222 3225 1262 3287 ad

96 3326 233 3394 Naxum
250 3331 295 3394 eis
317 3329 425 3394 intulit
448 3351 579 3415 eamque
601 3331 738 3396 insulam
762 3311 794 3396 et
809 3331 947 3416 Cyprum
970 3335 1002 3395 et
1025 3330 1102 3394 alias
1125 3328 1262 3394 multas⁹

95 3433 230 3500 civitates
253 3435 428 3500 maritimas
450 3433 693 3501 Atheniensium
716 3437 860 3502 societati
882 3437 1034 3520 adjunxit.

135 3601 161 3660 5.
207 3595 330 3660 Deinde
368 3595 592 3660 Timotheus
631 3597 768 3662 Cononis
805 3597 891 3661 filius
928 3596 1130 3662 Atheniensis
1169 3597 1260 3662 classi
1278 3601 1312 3658 30

94 3702 263 3781 praefectus
301 3702 552 3767 circumvehens¹
584 3703 839 3788 Peloponnesum
870 3703 1041 3769 Laconicen
1072 3703 1261 3788 populatus1

94 3805 220 3873 classem
248 3831 357 3874 eorum
384 3810 520 3895 fugavit,
548 3809 717 3896 Corcyram
745 3811 803 3876 sub
830 3811 997 3894 imperium
1020 3810 1261 3876 Atheniensium

94 3914 208 4000 redegit
214 3913 237 3995 ⁹,
260 3917 424 4000 sociosque
439 3915 541 3981 idem8
557 3918 702 4001 adjunxit
716 3903 866 4001 Epirotas
882 3939 1052 4001 omnesque
1068 3940 1119 3982 ees
1142 3919 1261 4001 gentes

94 4040 168 4101 quae
199 4022 241 4087 ad
271 4044 358 4086 mare
389 4023 469 4088 illud
501 4021 671 4107 adjacent&
722 4022 792 4100 Quo
823 4022 927 4088 facto⁶
954 4022 1192 4088 Lacedaemonii
1223 4021 1261 4085 de

95 4125 210 4194 diutina
249 4129 448 4194 contentione
486 4131 674 4196 destiterunt
712 4135 744 4194 et
781 4153 838 4194 sua
870 4134 982 4214 sponte
1014 4128 1260 4194 Atheniensibus
1279 4135 1313 4190 35

95 4231 214 4316 imperii
251 4234 401 4300 maritimi
438 4235 670 4322 principatum⁶
708 4241 937 4304 concesserunt.
990 4237 1103 4320 Neque
1134 4235 1260 4300 tamen²

93 4359 174 4404 arma
202 4341 346 4424 deposita
375 4346 457 4408 sunt.
502 4341 643 4408 Tandem
665 4346 836 4427 postquam
858 4342 1043 4408 Timotheus
1067 4345 1099 4406 et
1120 4341 1260 4425 Iphicra-
