3092 4938
528 1009 597 1125 H.
654 1011 752 1124 Res
788 1010 1128 1125 Macedonum.

454 1347 508 1415 17.
549 1349 738 1433 Philippus
762 1365 831 1416 rex
853 1349 1090 1418 namuurum.
1114 1349 1210 1434 (111)

268 1603 271 1610 Ι
373 1526 411 1590 Α.
450 1525 601 1590 Bellum
624 1547 772 1591 sacrum
794 1526 955 1609 primum
977 1526 1056 1590 sive
1078 1525 1281 1592 Phocense.

290 1709 318 1770 1.
365 1702 514 1770 Graeciae
542 1701 684 1768 civitates
712 1703 806 1767 dum1
834 1703 989 1787 imperare
1012 1703 1156 1790 singulae
1184 1703 1329 1788 cupiunt,
1356 1703 1418 1768 im-
1534 1739 1535 1774 c

244 1812 366 1896 perium
382 1832 491 1876 omnes
506 1809 723 1892 perdiderunt3
747 1833 822 1874 nam
837 1809 892 1874 alii
907 1809 941 1873 in
957 1807 1093 1874 aliorum
1108 1810 1240 1876 exitium
1259 1811 1417 1891 ruentesl,

245 1917 391 1982 omnibus
413 1917 527 2002 perire,
552 1917 636 2000 quod
658 1915 802 2000 singulae
826 1912 1034 1993 amitterent⁸,
1057 1937 1122 1981 non
1144 1915 1225 1981 nisi⁴
1248 1939 1418 2002 oppressae

245 2027 416 2090 senserunt.
464 2021 550 2088 Nam
578 2021 783 2108 Philippus
810 2044 865 2087 rex
891 2021 1100 2088 Maeeddnum
1127 2022 1216 2088 uelut
1243 2047 1262 2088 a
1289 2023 1419 2110 specula

244 2133 380 2216 quadam
408 2130 549 2195 libertati
571 2127 711 2194 omnium
734 2127 900 2196 insidiatus
924 2131 1141 2196 contentiones
1164 2129 1329 2196 civitatum
1352 2131 1418 2196 ale·
1535 2179 1536 2206 2

243 2239 300 2304 bat
322 2243 417 2324 atque
440 2237 594 2302 auxilium
616 2236 818 2302 inferioribus
840 2235 991 2302 ferendo⁶
1013 2237 1113 2302 victos
1133 2237 1252 2321 pariter
1266 2237 1418 2302 victores·

192 2351 307 2429 loque
340 2344 445 2409 subire
476 2343 597 2427 regiam
629 2342 812 2408 servitutem
845 2341 958 2430 coegit.
1008 2343 1109 2409 Causa
1141 2348 1172 2408 et
1204 2345 1293 2428 origo
1320 2343 1418 2428 hujus

243 2451 320 2514 mali
351 2448 514 2515 Thebani⁶
546 2450 688 2529 fuerunt,
726 2448 801 2533 qui⁶
830 2449 932 2515 victos
964 2451 1059 2515 armis
1091 2449 1353 2516 lacedaemonios
1385 2456 1419 2516 et

244 2557 423 2622 Phocenses
439 2556 522 2639 apud
537 2555 850 2640 Amphictydnas,
867 2578 1031 2623 commune
1048 2555 1197 2624 Graeciae
1218 2557 1388 2622 concilium
1397 2557 1419 2636 ⁷,

244 2663 378 2748 superbe
410 2665 642 2727 accusaverunt.
691 2662 945 2728 Lacedaemoniis
978 2664 1102 2728 crimini
1129 2661 1279 2743 dabaut⁸,
1312 2663 1419 2748 quod⁹
1536 2651 1537 2654 ¹

244 2791 348 2834 arcem
370 2769 555 2834 Thebanam
577 2769 769 2834 indutiarum
791 2773 932 2852 tempore
956 2775 1169 2853 occupassent,
1192 2770 1419 2848 Phocensibus,

194 2885 226 2940 15
246 2877 331 2961 quod
370 2875 536 2940 Boeotiam
579 2876 763 2960 depopulati
806 2881 918 2942 essent.
979 2875 1058 2942 (lum
1092 2877 1246 2961 judicium
1285 2876 1418 2941 arbitrio

243 2983 402 3047 victorum
434 2986 641 3062 exerceretur,
672 2986 761 3048 tauta
791 2983 926 3068 pecunia
958 2981 1196 3063 damnanturffl,
1229 2984 1420 3068 quantam11

244 3091 403 3155 exsolvere
439 3111 504 3153 non
535 3093 672 3172 possent.
727 3089 906 3154 Phocenses
936 3090 1035 3176 igitur
1066 3111 1138 3154 eum
1170 3091 1270 3176 agris,
1308 3091 1419 3156 liberis

244 3194 528 3283 conjugibusquest
570 3197 781 3280 privarentur,
824 3197 995 3281 desperatis
1032 3197 1161 3262 rebus²⁸
1198 3198 1418 3263 Philomelo

244 3306 322 3370 duee
352 3305 507 3389 templum
534 3302 695 3388 Apollinis
722 3303 856 3387 Delphis
885 3309 1125 3388 occupaverunt.
1174 3305 1251 3370 lude
1279 3326 1358 3370 auro
1386 3310 1420 3370 et

191 3419 225 3475 20
243 3412 376 3495 pecunia
417 3411 605 3494 locupletati
643 3409 833 3476 eonducto¹⁴
870 3411 1085 3475 mercennario
1123 3409 1258 3475 milite²⁶
1297 3411 1420 3476 ballum

244 3518 417 3596 Thebanis,
444 3517 666 3597 locrensibus,
693 3517 853 3582 Thessalis
880 3517 1064 3583 intulerunt.
1109 3517 1243 3582 Factum
1271 3517 1419 3582 Phocen-

244 3624 326 3688 sium
357 3624 484 3688 tametsi
515 3645 624 3688 omnes
657 3624 902 3688 exsecrabantur
932 3627 1063 3708 propter
1095 3625 1312 3710 saerilegium,
1343 3625 1419 3708 plus

243 3735 350 3796 tamen
386 3730 556 3796 inuidiae1⁶
587 3730 759 3811 Thebanis,
797 3754 816 3795 a
853 3730 969 3815 quibus
1007 3731 1048 3796 ad
1082 3731 1165 3796 hanc
1196 3732 1419 3796 necessitatem

244 3837 400 3922 compulsi
426 3836 565 3917 fuerant,
592 3860 688 3922 quam
715 3837 792 3922 ipsis
819 3837 903 3904 feeit
951 3837 1064 3923 Itaque
1091 3838 1211 3903 auxilia
1236 3837 1286 3903 his
1315 3843 1348 3903 et
1375 3838 1418 3902 ab

191 3951 225 4006 25
243 3941 492 4010 Atheniensibus
524 3949 556 4008 et
587 3965 606 4007 a
632 3943 888 4009 Lacedaemoniis
919 3944 1015 4008 missa
1046 3949 1126 4010 sunt
1176 3944 1285 4009 Primo
1316 3943 1419 4029 igitur

211 4059 415 4136 *congressu
446 4049 643 4115 Philomelus
674 4051 782 4116 hostes
815 4051 927 4116 castris
960 4051 1053 4116 exuit.
1108 4049 1261 4136 Sequenti
1292 4051 1416 4135 proelio

243 4157 364 4241 primus
390 4157 474 4222 inter
502 4156 749 4222 confertissimos
782 4157 933 4222 dimicans
961 4157 1074 4222 cecidit
1104 4162 1137 4223 et
1159 4157 1317 4243 sacrilegii
1339 4177 1416 4241 poe·

243 4285 300 4327 uas
346 4263 499 4348 sanguine
544 4263 613 4328 luit.
678 4262 716 4327 Iu
760 4261 855 4348 hujus
900 4264 1006 4329 locum
1050 4265 1113 4329 dux
1152 4263 1418 4331 Onomarchus

245 4373 376 4434 creatur.
