3092 4938
826 249 867 306 46

259 420 468 503 imperatores
505 419 609 485 nostri
647 419 738 504 sequi
775 419 965 485 voluissent!
1025 418 1086 485 Sed
1128 419 1207 484 illuc
1243 419 1432 487 redeamus⁹.

249 521 430 613 'Agesilaus
453 526 694 611 opulentissimo
717 546 819 610 regno
842 523 1061 611 praeposuit¹⁰
1083 527 1202 591 bonam
1225 526 1432 593 existimatio-

258 655 331 698 nem
362 634 527 717 multoque
554 632 726 717 gloriosius
755 632 859 711 duxit,
887 633 916 696 si
942 632 1097 698 institutis
1123 632 1247 716 patriae
1269 634 1432 716 paruisset,

259 762 354 824 quam
381 741 409 804 si
436 739 523 805 bello
550 743 728 823 superasset
736 739 763 776 11
786 738 905 805 Asiam.
929 778 974 788 -
997 738 1099 804 Causa
1121 737 1267 824 Agesilai
1294 762 1332 804 ex
1354 739 1433 806 Aria

223 857 239 911 5
258 845 462 912 11101111111
477 846 539 911 fuit
554 846 701 911 bellum
723 847 757 910 in
773 845 904 912 Graecia
928 844 1107 912 exortum¹²
1131 847 1216 930 quod
1231 846 1433 914 Boeotium

257 951 429 1018 1111111111.
475 952 561 1018 Nam
598 975 670 1018 cum
707 954 884 1019 Phocenses
922 958 955 1019 et
985 951 1079 1019 Locri
1111 951 1185 1018 erl*
1217 955 1433 1020 controversia

257 1059 404 1124 finium²⁶
426 1082 515 1126 arma
538 1059 694 1144 cepissent
714 1059 920 1145 Thebanique
943 1061 1001 1126 hos
1024 1059 1218 1144 adjuvarent,
1241 1060 1433 1146 Lysander
1536 1119 1537 1160 ,

257 1167 372 1231 missus
395 1171 471 1246 erat,
494 1166 551 1250 qui
573 1166 783 1232 finitimarum
806 1167 969 1232 civitatum
993 1167 1092 1251 copiis
1120 1167 1324 1232 contractis²⁰
1346 1169 1433 1234 Pho·
1536 1213 1537 1232 1

258 1295 365 1337 censes
404 1273 593 1338 defenderet.
655 1272 852 1357 Sequebatur
884 1273 1058 1339 Pausanias
1095 1295 1151 1338 rex
1190 1297 1260 1338 cum
1293 1276 1434 1340 exercitu
1534 1347 1537 1362 ,

205 1389 238 1444 10
257 1378 498 1463 Peloponnesio.
545 1379 607 1444 Sed
638 1380 823 1464 priusquam
855 1379 907 1445 hic
939 1379 1079 1458 advenit,
1110 1379 1181 1445 fit²⁷
1208 1381 1365 1464 proelium
1392 1383 1433 1447 ad

256 1485 477 1550 Haliartum
504 1485 657 1551 Boeotiae
685 1487 836 1570 oppidum
865 1488 903 1572 (a.
929 1487 1019 1572 395),
1048 1508 1111 1572 quo
1135 1487 1282 1562 Thebani
1305 1489 1433 1554 auxiliis
1536 1551 1537 1554 ,

256 1592 502 1657 Atheniensium
528 1593 646 1658 firmati
672 1593 830 1672 vicerunt,
852 1593 1013 1678 Lysander
1039 1594 1223 1660 interfectus
1247 1599 1301 1660 est.
1347 1595 1432 1660 Pau·

256 1699 360 1763 sanias
397 1699 525 1779 veritus,
562 1721 602 1764 ne
634 1699 775 1764 hostium
806 1700 960 1784 impetum
992 1701 1145 1766 sustinere
1182 1701 1283 1766 non¹⁸
1313 1708 1432 1786 posset,

255 1805 364 1882 rediit;
402 1827 499 1890 quam
536 1807 578 1870 ob
617 1827 744 1870 causam
775 1807 962 1891 proditionis
993 1808 1192 1872 accusetus1⁹
1219 1809 1253 1872 in
1286 1809 1433 1874 exsilium

204 1923 236 1977 15
256 1911 346 1977 abiit.
390 1911 630 1977 Lacedaemonii
657 1918 846 1993 metuentes,
873 1936 913 1978 ne
940 1913 974 1978 in
998 1914 1075 1978 Asia
1101 1914 1257 1980 bellantes
1280 1916 1367 1981 domi
1390 1918 1432 1981 ab

254 2019 401 2084 hostibus
434 2020 698 2104 opprimerentur,
729 2041 838 2105 regem
870 2042 962 2085 suum
990 2020 1176 2106 Agesilaum
1208 2044 1247 2086 ex
1278 2022 1359 2087 Asia
1391 2025 1433 2087 ad

255 2125 482 2191 defendendam
504 2127 642 2212 patriam
666 2131 835 2192 arcessunt.
882 2126 993 2193 Occiso
1017 2127 1103 2192 enim
1124 2128 1287 2213 lysandro
1310 2130 1433 2195 nullius

255 2232 386 2297 alterius
408 2233 557 2299 fiduciam
581 2234 669 2299 ducis
692 2234 861 2300 habebant.

301 2434 329 2494 5.
375 2427 519 2492 Thebani
561 2429 656 2494 rebus
678 2429 816 2494 feliciter
839 2429 956 2513 gestis1
998 2429 1216 2508 Athenienses,
1240 2430 1432 2513 Corinthios,

200 2542 235 2598 20
254 2533 394 2618 Argivos
410 2535 511 2600 socios
527 2535 589 2600 sibi
605 2536 781 2620 adjungunt
796 2536 1040 2620 universumque
1061 2537 1233 2602 exercitum
1256 2539 1296 2602 ad
1317 2539 1433 2604 urbem
1537 2613 1538 2616 Ἴ

253 2640 573 2707 Lacedaemoniorum
611 2643 724 2707 ducere
761 2643 944 2723 instituunt,
989 2643 1115 2708 facilem
1161 2645 1432 2730 expugnationem
1537 2693 1538 2698 η

253 2748 328 2827 rati,
356 2749 506 2832 quoniam
533 2749 650 2814 deserti
672 2774 691 2816 a
715 2750 807 2816 sociis
836 2749 982 2816 omnibus
1010 2755 1109 2818 erant.
1154 2751 1200 2816 At
1222 2751 1432 2817 Lacedaemo-

253 2854 300 2919 nii
330 2855 508 2941 conscripto
537 2856 678 2921 exercitu
705 2857 831 2950 obviam
857 2858 1034 2942 procedunt
1065 2863 1097 2922 et
1124 2880 1225 2942 aequo
1254 2858 1357 2924 Marte
1389 2861 1434 2924 ed

255 2960 441 3026 Corinthum
471 2969 650 3048 pugnantes
681 2964 852 3048 prohibent
884 2965 1006 3043 hostes,
1045 2966 1120 3029 dum
1152 2965 1357 3050 Agesilaus
1390 2988 1433 3032 ex

199 3075 234 3131 25
253 3066 331 3132 Asia
350 3069 511 3152 profectus
526 3069 741 3152 superveniret
748 3069 769 3134 1.
808 3071 870 3136 Hic
885 3070 1130 3155 Hellespontum
1154 3071 1260 3156 copias
1283 3072 1432 3155 trajecit³

253 3177 403 3258 tantaque
434 3196 510 3239 usos
542 3179 590 3240 est
622 3175 797 3256 celeritate,
828 3181 878 3255 ut,
910 3177 996 3260 quod
1022 3174 1102 3241 iter4
1130 3176 1249 3242 Xerxes
1276 3183 1432 3262 quattuor

252 3281 413 3346 mensibus
441 3281 633 3362 confecerat,
660 3285 809 3348 transiret
836 3283 970 3367 triginta
1001 3283 1121 3350 diebus.
1170 3283 1233 3349 Per
1259 3285 1432 3350 Thraciam
1537 3311 1538 3338 1

252 3387 483 3470 proficiscenti⁶
521 3410 592 3453 cum
634 3390 817 3455 nuntiatum
860 3395 956 3470 esset,
997 3412 1061 3456 una
1103 3391 1161 3454 ille
1197 3412 1307 3476 pugna
1344 3394 1432 3475 apud

253 3493 441 3558 Corinthum
464 3495 650 3560 commissa⁰
669 3498 743 3580 plus
765 3497 841 3561 bina
864 3496 972 3562 milia⁷
994 3497 1134 3562 hostium
1157 3498 1303 3563 cecidisse
1327 3520 1432 3583 eoque

198 3608 234 3664 30
251 3598 357 3664 faoto⁸
384 3622 460 3684 opes
492 3603 742 3667 adversariorum
774 3603 954 3669 debilitates
980 3604 1093 3683 videri,
1125 3608 1251 3668 tantum
1279 3605 1358 3670 afuit
1386 3607 1430 3671 ab

252 3705 433 3790 insolentia,
464 3707 519 3772 111
547 3710 821 3774 commiseraretur
851 3711 1014 3776 fortunam
1046 3710 1209 3796 Graeciae,
1242 3713 1328 3796 quod
1360 3717 1430 3778 tam

251 3813 346 3878 mrdti
378 3813 598 3894 concidissent;
637 3839 711 3880 nam
742 3817 800 3882 illa
831 3818 1047 3897 multitudine,
1075 3819 1102 3882 si
1125 3841 1202 3884 sana
1223 3839 1312 3882 mens
1336 3824 1431 3900 esset,

252 3919 403 3986 Graeciae
436 3921 625 4004 supplicium
653 3923 765 3988 Persas
793 3925 867 3988 dare
895 3926 1036 4009 potuisse
1044 3923 1079 3989 ²⁰.
1125 3925 1204 3990 Cum
1229 3926 1296 4008 jam
1324 3924 1430 3990 Boeo-

80 4075 84 4082 .
137 4053 140 4059 ¹
252 4031 360 4092 torum
382 4027 461 4092 fines
483 4025 714 4113 ingrederetur,
736 4031 894 4116 perfertur
917 4031 945 4096 ei
967 4031 1141 4110 1111111111,
1163 4031 1431 4098 Lacedaemonios

200 4139 234 4196 35
253 4133 353 4200 victos
386 4155 452 4200 esre
483 4135 605 4219 proelio
637 4138 742 4202 navali
770 4140 853 4223 apud
877 4138 1023 4218 Cnidum,
1051 4138 1208 4223 simulque
1235 4139 1285 4204 sol
1312 4139 1429 4206 deficit.

258 4240 379 4318 Quibus
411 4241 506 4306 rebus
537 4241 612 4307 nen
639 4244 776 4310 militurn
808 4246 905 4310 animi
914 4244 939 4282 11
966 4250 1169 4328 terrerentur,
1196 4247 1307 4312 vicisse
1329 4245 1430 4311 Lace-

255 4347 436 4436 daemonios
456 4349 547 4432 jubet
569 4353 766 4434 pronuntiari
789 4375 834 4432 ac,
856 4358 1020 4438 tamquam
1042 4354 1127 4420 laeto
1149 4355 1260 4420 nuntio
1287 4359 1430 4438 accepto,
