3092 4938
834 242 875 302 48

261 416 320 480 bus
360 414 496 480 evasisse
535 419 566 480 et
599 403 737 500 Cyprur'n
770 413 963 500 confugisse,
1000 436 1095 498 supra
1128 413 1412 478 demonstravimus
1420 412 1441 478 ⁷.

262 521 370 587 Rebus
398 521 640 586 Atheniensium
668 521 794 586 afflictis
840 520 931 587 cum⁸
966 521 1103 606 patriam
1130 520 1268 585 obsideri
1296 520 1444 599 audisset,

262 650 328 693 non
352 628 516 713 quaesivit,
540 628 596 692 ubi
618 629 686 712 ipse
709 632 778 693 tuto
802 628 949 708 viveret⁹‚
972 629 1028 692 sed
1050 629 1133 693 unde
1155 626 1312 710 praesidio
1335 629 1443 710 posset

264 756 331 800 esse
351 734 471 800 civibus
494 734 567 799 suia.
612 733 724 819 ltaque
747 735 883 800 contulit
905 757 940 800 se
963 735 1002 799 ad
1017 734 1259 799 Pharnabazum
1282 737 1443 816 satrapam

226 850 243 882 ⁴*
263 841 422 926 Phrygiae
461 842 687 925 eundemqu01⁰
725 841 809 926 regis
846 841 1067 926 propinquum.
1116 840 1212 924 Apud
1250 861 1345 924 quem
1376 840 1444 904 ut¹¹

264 949 401 1014 multum
428 949 532 1033 gratia
559 949 693 1027 valeret,
721 949 822 1014 multo
849 948 960 1013 labore
987 949 1159 1032 multisque
1188 947 1293 1012 effecit
1321 947 1445 1030 pericu·

264 1055 345 1122 lisll.
390 1054 502 1139 ltaque
532 1053 754 1120 Pharnabazus
778 1054 997 1140 Tissaphernia
1026 1054 1171 1119 inimicus
1199 1073 1309 1138 regem
1336 1052 1445 1116 horta-
1528 1123 1529 1134 χ

264 1165 330 1240 tur,
366 1165 403 1226 ut
439 1162 474 1226 in
505 1161 612 1226 locum
645 1162 711 1246 ejus
743 1161 866 1226 navalis
898 1161 975 1227 belli
1009 1162 1120 1226 ducem
1153 1160 1251 1245 eligat
1283 1159 1447 1224 Cononem

229 1266 500 1347 *Atheniensem
523 1290 597 1332 nam
619 1267 876 1346 Atheniensibus,
899 1268 958 1333 etsi
981 1268 1100 1333 fractae
1124 1268 1187 1332 sint
1210 1287 1295 1350 opes,
1319 1287 1448 1330 manere

213 1377 373 1440 letamen
396 1397 489 1439 usum
511 1375 669 1453 navalem,
696 1397 762 1458 nec,
786 1375 813 1440 si
837 1375 999 1460 eligendus
1023 1374 1064 1440 ait
1087 1396 1125 1440 ex
1147 1373 1311 1453 universis,
1334 1373 1448 1437 melio·

265 1501 333 1546 rem
371 1480 470 1546 alium
507 1501 583 1546 esse.
633 1481 781 1565 Acceptis
819 1481 918 1566 igitur
949 1481 1130 1566 quingentis
1162 1479 1291 1546 talentis
1338 1479 1449 1562 jussus
1529 1487 1530 1508 ³

268 1587 346 1652 est1³
375 1586 536 1652 Cononem
569 1587 662 1653 classi
688 1588 867 1673 praeficere.
913 1587 974 1654 Sed
1003 1587 1164 1653 Cononem
1191 1589 1241 1652 a1⁴
1267 1585 1362 1651 rebus
1391 1607 1449 1670 ge-

268 1693 373 1757 rendis
406 1693 519 1760 seditio
551 1695 690 1759 militum
722 1694 900 1778 impedivit,
932 1695 987 1778 qui
1019 1715 1091 1759 oum
1123 1717 1142 1758 a
1168 1693 1335 1778 praefectis
1362 1693 1450 1777 regis

268 1798 491 1865 fraudarentur
518 1801 720 1886 stipendi01⁵,
753 1823 790 1866 eo
824 1801 993 1866 instantius
1027 1801 1133 1866 debita
1164 1800 1351 1884 poscebant,
1383 1819 1450 1882 quo
1530 1873 1531 1894 χ

215 1916 249 1972 15
268 1907 478 1991 graviorem¹⁸
494 1907 552 1972 snb
570 1929 679 1973 severo
702 1907 890 1990 imperatore
913 1907 1060 1972 militiam
1084 1907 1290 1972 sustinebant.
1336 1905 1451 1990 ltaque
1530 1911 1531 1922 ¹

270 2010 391 2092 Conon,
420 2013 474 2078 diu
500 2035 576 2099 rege
603 2035 660 2098 per
688 2013 841 2099 epistulas
868 2013 986 2079 frustra
1014 2013 1163 2099 fatigato,
1190 2017 1352 2097 postremo
1380 2011 1451 2095 ipse

269 2119 310 2183 ad
333 2141 405 2183 eum
427 2120 540 2205 pergit.

315 2287 343 2345 2.
388 2278 600 2366 Posteaquam
627 2279 824 2370 Babylonem
856 2280 954 2360 venit,
986 2281 1125 2365 primum
1152 2302 1191 2344 ex
1218 2301 1306 2345 more
1336 2278 1453 2344 Perae·
1531 2271 1532 2330 Ῠ

270 2407 341 2449 rum
374 2387 413 2450 ad
445 2386 666 2467 chiliarchum,
699 2387 755 2472 qui
788 2387 960 2451 secundum
992 2387 1126 2470 gradum
1156 2385 1281 2470 imperii
1312 2385 1455 2464 tenebat,

215 2502 253 2560 20
273 2491 489 2557 Tithraustem
522 2491 653 2558 accessit
685 2514 780 2576 seque
813 2493 951 2558 ostendit
983 2515 1055 2557 oum
1087 2513 1163 2578 rege
1191 2492 1333 2576 colloqui
1359 2492 1454 2556 velle.

238 2596 377 2662 *Nemo
402 2597 486 2662 enim
509 2598 576 2662 sine
598 2599 660 2662 hoc
683 2598 868 2664 admittitur.
920 2597 1043 2677 „Nulla
1066 2599 1170 2683 inquit
1192 2599 1256 2677 ille,
1278 2619 1367 2662 mora
1390 2603 1456 2676 est3
1532 2591 1533 2604 ¹

272 2705 327 2770 sed
354 2707 391 2768 tu
414 2704 567 2783 delibera,
594 2703 721 2769 utrum1
745 2705 886 2790 colloqui
907 2706 1013 2784 malis,
1041 2727 1082 2770 an
1105 2727 1161 2790 per
1182 2704 1325 2770 litterasl
1348 2726 1458 2789 agere,

273 2832 354 2896 quae
387 2810 517 2896 cogitas.
561 2809 700 2876 Necesse
729 2809 796 2876 est³
825 2812 923 2891 enim,
955 2812 982 2876 si
1009 2811 1043 2876 in
1070 2816 1274 2896 conspectum
1300 2810 1457 2888 veneris⁴‚

274 2919 415 2982 venerari
442 2920 473 2981 te
501 2939 609 3002 regem
639 2917 736 3003 (quod
759 2917 970 3004 προσκύνησιν
992 2917 1041 2981 illi
1064 2917 1201 3003 vocant).
1248 2917 1320 2982 Hoc
1342 2919 1371 2982 si
1393 2919 1459 2983 tibi

218 3033 255 3090 25
273 3045 370 3110 grave
386 3029 442 3104 est,
464 3046 521 3109 per
536 3046 587 3089 me
609 3024 710 3089 nihilo
734 3023 853 3089 aetius⁶
876 3024 968 3090 editis
990 3023 1167 3090 mandatis⁰
1190 3025 1345 3102 conficies,
1369 3027 1461 3110 quod

274 3130 426 3197 studes⁷.“
487 3130 569 3195 Tum
601 3130 723 3196 Conon:
766 3130 865 3209 „Mihi
899 3152 988 3211 vero,
1026 3130 1143 3215 inquit,
1181 3153 1244 3196 non
1278 3137 1325 3198 est
1357 3153 1461 3218 grave

275 3238 417 3323 quemvis
440 3238 593 3303 honorem
616 3238 732 3303 habere
755 3237 838 3322 regi,
865 3237 920 3302 sed
943 3259 1067 3317 vereor,
1095 3260 1134 3303 ne
1158 3239 1188 3302 ci
1211 3238 1280 3304 'tati
1302 3260 1391 3303 meae
1418 3241 1463 3304 sit

275 3346 460 3432 opprobrio,
487 3345 529 3424 si,
552 3343 644 3410 cum⁸
668 3367 706 3410 ex
730 3367 767 3409 ea
790 3344 850 3408 sim
872 3344 1043 3429 profectus,
1067 3367 1147 3429 qnae
1171 3345 1282 3410 ceteris
1306 3345 1461 3431 gentibus

274 3453 430 3535 imperare
458 3451 650 3528 consueritl,
678 3451 785 3536 potius
813 3451 1022 3516 barbarorum
1046 3474 1141 3535 quam
1163 3452 1250 3517 illius
1273 3474 1361 3517 more
1384 3452 1463 3518 fun·

218 3567 257 3624 30
276 3559 391 3643 gar¹⁰.“
441 3557 561 3643 Itaque,
584 3557 859 3642 quaevolebar¹1‚
883 3558 1000 3642 scripta
1022 3558 1160 3625 tradidit.

325 3723 354 3784 3.
401 3715 522 3794 Quibus
539 3717 676 3803 cognitis
721 3740 778 3783 rex
802 3723 926 3784 tantum
949 3719 1139 3784 auctoritate
1162 3720 1229 3804 ejus
1253 3723 1358 3784 motus
1382 3720 1464 3798 eat¹‚

276 3828 314 3890 ut
353 3828 385 3896 et
417 3823 662 3909 Tissaphernem
697 3825 885 3909 proditionis
918 3825 1119 3890 accusatuml
1150 3825 1274 3890 hostem
1302 3826 1465 3910 judicaret

277 3935 309 3997 et
337 3931 496 3997 Cononem
522 3931 786 3998 Lacedaemonios
817 3931 903 3997 bello
935 3932 1082 4016 persequi
1109 3931 1237 4015 juberet
1267 3936 1299 3996 et
1331 3932 1360 3996 ei
1387 3955 1465 4016 per·

277 4039 431 4118 mitteret,
462 4041 499 4102 ut
531 4059 625 4122 quem
655 4037 753 4103 vellet
785 4037 916 4122 eligeret
943 4039 984 4102 ad
1012 4037 1253 4122 dispensandam
1283 4039 1466 4122 pecuniam.

219 4153 259 4210 35
278 4143 316 4210 Id
342 4141 530 4211 arbitrium⁸
553 4142 662 4209 Conon
689 4144 818 4229 negavit
847 4144 897 4209 sui
924 4165 992 4210 esse
1020 4142 1163 4210 consilii⁴
1186 4145 1241 4210 aed
1263 4144 1376 4228 ipsius,
1405 4147 1467 4230 qui

279 4251 398 4336 optime
426 4273 500 4318 suos
527 4273 621 4316 nosse
649 4251 789 4330 deberet;
817 4251 871 4317 sed
901 4273 934 4316 ae
962 4251 1107 4331 suadere,
1134 4255 1170 4316 ut
1193 4250 1400 4316 Pharnabazo
1431 4254 1468 4318 id

279 4357 421 4444 negotii⁶
453 4359 550 4424 daret.
597 4357 670 4423 Jarn
702 4359 827 4444 magnis
854 4357 1038 4424 muneribus
1066 4358 1201 4424 donatus
1230 4357 1269 4422 ad
1298 4379 1385 4424 mare
1415 4367 1469 4426 est
