3092 4938
810 250 850 310 62

242 424 416 491 tutissima
442 426 639 510 pugnantem
662 421 771 507 jaculo
795 419 916 488 eminus
938 439 1123 508 percussum
1145 427 1308 493 concidere
1330 428 1418 494 vide-
1539 465 1540 483 2

242 535 325 598 runt
379 529 485 615 Hujus
517 551 593 595 casn
625 529 824 614 aliquantum
853 529 1007 596 retardati
1038 535 1113 597 sunt
1143 531 1283 613 Boeotii,
1313 555 1419 620 neque

242 644 350 706 umen
370 636 459 722 princ
480 657 590 722 pum
608 643 817 711 neccarum
840 635 956 720 quam²
970 642 1184 722 repugnantes
1197 639 1418 727 profligarunt.

241 745 289 811 Aa
317 743 555 829 Epaminondas
587 764 660 808 cum
691 738 969 821 numeratores,
1005 743 1205 810 mortiferum
1236 765 1271 812 aa
1301 747 1418 814 vulnus
1540 775 1541 813 l

206 851 399 936 acccepisaa
430 850 590 934 umulque
614 849 642 914 ai
668 848 803 927 farrum,
833 849 919 933 quod
947 871 986 914 ex
1012 849 1123 916 hastili
1148 851 1183 918 in
1209 873 1342 938 corpora
1366 877 1418 920 re-

240 961 407 1037 manserat,
430 954 650 1034 munisset&
672 955 810 1020 animam
832 954 942 1022 statim
964 956 1160 1038 emissurum,
1181 979 1282 1045 usqne
1305 981 1344 1026 co
1365 982 1417 1026 rc·
1541 959 1542 966 ’

240 1065 350 1145 tinuit,
377 1064 483 1148 quoad
509 1062 724 1128 renuntiatum
753 1065 802 1126 est
832 1060 944 1128 vicisse
970 1061 1131 1130 Boeotios.
1180 1064 1218 1130 ld
1243 1071 1416 1153 postquam

240 1169 362 1238 audivit
381 1170 494 1250 ,sacia
514 1169 630 1254 inquit,
651 1168 726 1236 rixi.
764 1167 905 1234 Invictus
920 1169 1005 1234 enirn
1020 1171 1149 1251 morior,
1167 1172 1263 1238 orbus
1278 1195 1417 1260 quoque,

240 1297 305 1344 non
327 1282 435 1342 tamen
457 1276 526 1342 aine
546 1276 665 1356 liberis,
688 1275 838 1360 quoniam
858 1274 950 1356 filias,
964 1275 1149 1344 Leuctram¹¹
1165 1283 1198 1344 et
1211 1278 1415 1362 Mantineam,

188 1389 222 1444 10
239 1383 418 1468 relinquol.
464 1382 547 1448 Tum
569 1381 655 1448 ferro
679 1379 842 1447 extracto*
864 1381 1032 1448 confestim
1056 1384 1251 1452 exanimatus
1274 1391 1332 1453 est

285 1584 336 1647 21.
381 1579 452 1658 Quo
479 1583 622 1664 tempore
644 1579 722 1643 duce
744 1576 898 1660 Pelopida
920 1578 1044 1643 exsules
1067 1577 1195 1646 Thebas
1217 1587 1415 1666 occuparunt

238 1690 271 1752 et
301 1685 492 1772 praesidium
523 1683 842 1750 Lacedaemoniorum
874 1704 913 1748 ex
944 1705 1016 1749 arce
1048 1685 1251 1768 expulerunt,
1280 1687 1413 1772 Epami-

237 1794 373 1878 nondas,
395 1792 547 1878 quamdiu
569 1792 655 1856 facta
677 1794 726 1855 eat
748 1790 858 1855 caedes
881 1787 1006 1868 civium,
1028 1791 1114 1856 domi
1136 1813 1170 1857 se
1192 1793 1302 1877 denuit,
1325 1795 1413 1878 quod

238 1921 341 1985 neque
371 1899 472 1965 malos
505 1899 671 1965 defendere
702 1897 833 1962 volebat
867 1917 970 1982 neque
997 1897 1199 1983 impugnare,
1230 1922 1271 1965 ne
1297 1923 1412 1966 manus

186 2019 218 2072 15
237 2027 367 2072 suorum
389 2007 543 2092 sanguine
566 2008 757 2082 cruentaret,
785 2025 923 2089 namque
945 2024 1071 2068 omnem
1093 2005 1219 2070 civilem
1243 2007 1412 2073 victorium

236 2114 395 2180 lirnestam
417 2114 558 2198 putabat
603 2111 720 2192 Idem¹,
742 2115 911 2196 postquem
933 2111 1017 2196 apud
1032 2110 1201 2177 Cadmeam
1224 2136 1296 2178 cum
1311 2114 1410 2180 Lace·

237 2221 410 2288 daemoniis
436 2219 571 2306 pugnari
598 2224 746 2304 coeptum
774 2217 854 2296 est',
884 2217 918 2282 in
945 2217 1056 2303 primis
1084 2219 1182 2286 stetit.
1230 2219 1343 2306 ltaque
1369 2221 1411 2285 li·

236 2325 435 2394 baratarum8
458 2326 639 2392 Thebarum
666 2325 796 2412 propria
823 2324 893 2390 laus
917 2328 965 2389 est
987 2322 1171 2410 Pelopidae,
1197 2331 1320 2392 ceterae
1342 2328 1411 2394 fere

237 2455 418 2500 communes
450 2455 521 2497 cum
548 2431 774 2518 Epaminonda
825 2430 951 2496 Horum
978 2432 1016 2496 de
1043 2431 1215 2498 virtutibus
1244 2434 1320 2504 satis
1347 2435 1411 2500 erit

183 2549 217 2605 20
236 2540 368 2618 dictum,
405 2539 432 2604 si
469 2539 531 2602 hoc
567 2561 667 2602 unum
701 2534 908 2621 adjunxero⁴,
946 2537 1032 2621 quod
1062 2559 1156 2603 nemo
1188 2539 1249 2605 ibit
1280 2540 1410 2621 infitias,

235 2643 361 2711 Thebas
399 2647 432 2710 et
463 2645 536 2708 ante
566 2643 628 2709 hoe
658 2643 886 2728 imperatorum
917 2661 977 2727 par
1006 2643 1240 2710 nobilissimum
1272 2651 1303 2712 et
1333 2655 1411 2732 post

234 2752 397 2819 interitum
412 2749 650 2835 Epaminondae
673 2749 777 2816 alieno
792 2749 935 2833 paruisse
949 2749 1092 2834 imperio,
1115 2755 1233 2831 contra,
1255 2756 1409 2838 quamdiu

234 2858 283 2925 illi
304 2855 517 2944 praehuerintl
539 2857 585 2922 rei
607 2857 762 2942 publicae,
786 2861 880 2940 caput
902 2856 999 2922 fuisse
1021 2857 1120 2923 totins
1143 2857 1301 2927 Graeciae.

479 3126 533 3194 15.
578 3125 754 3192 Extrema
775 3123 936 3208 Agesilai
958 3125 1043 3191 vita.
1067 3124 1158 3210 (Ill)

179 3313 213 3367 25
279 3309 307 3370 1.
352 3303 498 3369 Maximis
526 3307 575 3370 tot
597 3301 753 3367 bellorum
775 3301 938 3366 laboribus
962 3301 1257 3388 calamitatibusque
1279 3305 1406 3372 confec-

232 3415 283 3475 tae
310 3411 449 3495 reliquae
473 3410 622 3477 Graeciae
650 3408 794 3476 civitates
820 3431 931 3492 pacem
960 3408 1081 3474 faciunt
1102 3413 1228 3493 praeter
1249 3407 1405 3478 lacedae-

233 3517 357 3582 monios
384 3517 563 3582 libertatem
585 3517 814 3582 Messeniorum
842 3537 907 3579 non
934 3513 1078 3580 ferentes.
1124 3515 1186 3582 Sed
1212 3517 1280 3582 sine
1307 3519 1405 3586 dubio

231 3627 305 3706 post
327 3621 522 3689 Leuctricam
548 3644 691 3709 pugnam
713 3621 952 3688 Lacedaemonii
980 3644 1013 3688 se
1039 3639 1202 3708 nunquam
1224 3625 1407 3692 refecerunt

231 3751 333 3815 neque
364 3729 533 3814 pristinum
559 3730 727 3815 imperium
754 3733 1032 3813 recuperaverunt,
1068 3749 1261 3814 quamquam
1290 3730 1405 3818 Agesi-

178 3845 213 3900 30
231 3837 301 3903 laus
323 3859 379 3902 rex
394 3859 458 3902 non
474 3838 604 3917 destitit,
627 3837 867 3922 quibuscunque
881 3837 975 3902 rebus
990 3835 1118 3921 posset¹
1132 3837 1269 3920 patriam
1279 3839 1402 3922 juvare.
1540 3865 1541 3878 ¹

229 3943 314 4012 Nam
351 3965 423 4010 cum
460 3944 627 4029 praecipue
659 3943 899 4010 lacedaemonii
935 3934 1133 4029 indigerentl
1161 3945 1308 4028 pecunia,
1345 3947 1403 4012 illc

230 4052 388 4130 omnibus,
420 4050 476 4135 qui
508 4072 527 4114 a
557 4072 632 4136 rege
664 4050 833 4116 Persarum
864 4050 1055 4129 defecerant,
1085 4051 1241 4132 praesidio
1273 4051 1349 4132 fuit,
1381 4075 1403 4118 a

229 4155 345 4242 quibus
371 4155 508 4244 magna⁸
536 4157 671 4222 donatus
693 4157 827 4241 pecunia
848 4157 983 4241 patriam
1006 4155 1190 4221 sublevavit.
1235 4155 1343 4242 Atque
1365 4159 1401 4224 in

228 4263 309 4329 hoc⁴
334 4265 416 4330 illud
442 4263 597 4348 imprimis
624 4263 686 4329 fuit
713 4264 906 4343 admirabile,
933 4262 1025 4328 eum⁶
1051 4263 1190 4328 maxima
1216 4285 1347 4330 munera
1369 4267 1400 4330 ei

176 4378 248 4434 35a
274 4371 402 4455 regibus
430 4392 467 4436 ac
496 4371 634 4453 dynastis
662 4370 905 4454 civitatibusque
932 4370 1159 4448 conferrentur,
1186 4369 1291 4453 quod⁶
1317 4371 1399 4436 nihil
1539 4375 1540 4380 ’
