3074 4934
622 273 662 333 79

67 447 135 512 mini
160 444 376 530 adscripserat.
421 445 610 512 Postulabat
638 429 746 510 autem
769 445 871 530 magis
900 467 996 530 quam
1023 446 1165 529 petebat,
1192 451 1229 512 ut

67 558 185 638 accepta
209 552 363 638 pecunia⁰
388 556 522 618 matrem
550 548 645 618 sihi¹⁰
674 556 707 618 et
734 552 901 637 conjugem
928 551 1110 636 liberosque
1137 554 1227 620 resti-

67 665 171 738 tueret3
203 662 243 726 de
269 680 384 744 regno,
411 660 439 724 si
460 659 573 738 vellet,
600 659 695 736 armis
718 659 929 726 contenderet.
975 658 1028 724 Ad
1049 659 1128 725 haec
1150 659 1227 726 Ale-

67 767 174 832 xander
194 767 229 832 in
252 768 337 832 hunc
358 767 425 832 fere
447 766 578 831 modum
599 765 775 850 rescripsit:

394 874 480 952 ,Rex
502 873 683 940 Alexander
704 873 805 939 Dario
829 871 893 938 Su.
1246 884 1262 937 5

144 980 214 1046 Etsi
235 980 317 1046 nihil
340 1003 359 1046 a
381 1003 431 1046 me
453 979 623 1064 impetrare
645 985 677 1046 te
701 977 918 1066 oportebatffl,
940 983 1052 1064 utpote
1075 977 1165 1064 qui18
1187 1002 1228 1044 111

66 1087 132 1152 belli
158 1087 286 1172 quidem
313 1086 347 1152 in
368 1109 420 1152 me
439 1087 513 1170 jura
535 1086 722 1165 servaveris,
749 1109 821 1152 cum
843 1085 972 1152 talentis
995 1085 1084 1152 mille
1106 1108 1227 1170 percus-

67 1215 156 1258 sorem
184 1193 219 1257 in
245 1215 296 1258 me
319 1193 492 1257 conducere
513 1193 665 1272 volueris,
692 1191 1029 1258 11111111111111111114
1053 1191 1227 1276 supplex1⁶‚

66 1304 92 1363 et
118 1303 253 1364 matrem
286 1303 317 1364 et
344 1299 513 1384 conjugem
541 1304 573 1364 et
599 1299 717 1364 liberos
746 1299 813 1364 sine
839 1299 942 1384 pretio
969 1302 1002 1363 te
1028 1303 1228 1383 recepturum

67 1428 122 1470 esse
142 1405 307 1489 promitto.
352 1403 396 1469 Ilt
418 1405 542 1470 vincere
550 1403 578 1442 ¹⁶
602 1409 633 1470 et
657 1406 819 1470 consulere
842 1405 933 1470 victis
956 1406 1029 1470 scio.
1076 1405 1228 1483 Quodsi²⁷
1248 1415 1282 1470 10

66 1518 90 1577 te
110 1513 306 1577 committere
328 1511 420 1577 nobis
442 1513 545 1592 times,
568 1511 713 1576 dabimus
735 1513 840 1592 fidem,
862 1511 990 1596 impune
1005 1517 1038 1578 te
1052 1517 1228 1578 venturum.

67 1617 216 1699 Ceterum,
248 1641 319 1683 cum
346 1618 426 1683 mihi
453 1617 618 1699 scribes¹⁸,
645 1618 840 1684 11111111111119
867 1641 932 1684 uon
960 1620 1064 1684 solum
1090 1619 1160 1705 regi
1188 1623 1229 1698 te,
1357 1627 1362 1635 '

66 1727 110 1790 sed
141 1727 239 1791 etiam
270 1730 325 1790 tuo
354 1726 515 1792 scribere.“
549 1765 589 1774 —
619 1725 670 1790 Ad
706 1727 789 1791 hanc
818 1725 985 1810 epistulam
1012 1726 1229 1810 perferendam

67 1829 251 1916 Thersippus
276 1837 323 1898 est
345 1833 468 1899 missus.

103 2051 151 2111 17.
197 2045 270 2128 Ipse
294 2045 328 2110 in
350 2045 569 2110 Phoenicen
593 2045 753 2148 descendit
776 2049 808 2110 et
830 2046 981 2131 oppidum
1003 2045 1142 2131 Byblum
1165 2051 1228 2112 tra-
1249 2055 1281 2109 15

65 2150 175 2216 ditum²
202 2153 330 2236 recepit.
380 2151 456 2217 Inde
483 2154 523 2217 ad
546 2152 725 2218 Sidonem
747 2155 876 2217 ventum
904 2151 979 2231 estl,
1007 2152 1118 2217 urbem
1139 2155 1229 2217 vetu-

14 2291 15 2372 1
65 2261 137 2322 state
162 2257 312 2342 famaque
340 2259 538 2323 conditorum
564 2259 690 2324 claram.
738 2258 860 2325 Sidonii
887 2280 1013 2342 quoque
1039 2257 1229 2324 deditionem

65 2362 185 2429 faciunt.
230 2363 304 2429 Jam
336 2369 406 2429 tota
433 2363 525 2450 Syria
556 2369 588 2430 et
614 2365 787 2444 Phoenice,
820 2369 952 2449 excepta
981 2363 1092 2450 Tyra,
1124 2365 1228 2431 Mace-

14 2489 15 2493 *
66 2468 192 2535 donum8
215 2477 291 2550 erat,
313 2472 513 2556 habebatque
535 2495 592 2537 rex
615 2477 718 2538 castra
739 2473 773 2537 in
796 2472 976 2550 continenti,
1001 2495 1020 2536 a
1040 2493 1103 2556 qua
1118 2471 1229 2536 urbem

66 2583 227 2663 angustum
254 2578 369 2643 fretum
398 2578 525 2644 dirimit.
571 2578 651 2644 Gum
679 2601 828 2645 coronam
856 2601 983 2645 auream
1011 2578 1100 2664 Tyrii
1127 2577 1229 2643 dono⁴
1248 2584 1283 2640 20

65 2683 215 2750 misissent
250 2689 505 2770 commeatusque
536 2685 627 2770 large
659 2690 691 2751 et
722 2686 922 2770 hospitaliter
954 2709 992 2751 ex
1025 2686 1142 2770 oppido
1175 2686 1228 2749 ad-

65 2791 227 2870 vexissent,
258 2791 314 2856 ille
346 2793 440 2871 dona,
471 2797 508 2857 ut
540 2793 579 2858 ab
613 2793 735 2872 amicis,
768 2793 866 2878 accipi
890 2793 998 2876 jussit,
1030 2792 1229 2878 benigneque

65 2895 178 2982 legatos
201 2898 367 2979 allocutus,
389 2897 530 2979 Herculi,
552 2921 647 2983 quem
669 2899 837 2984 praecipue
854 2898 943 2983 Tyrii
963 2899 1111 2976 colerent,
1134 2899 1228 2962 sacri·

65 3002 150 3068 ficare
180 3003 264 3069 velle
296 3027 330 3069 11
362 3005 453 3083 dixit3
484 3005 694 3070 Macedonum
725 3025 817 3090 reges
845 3005 982 3084 credere,
1015 3005 1054 3070 ab
1082 3005 1140 3070 illo
1171 3005 1228 3069 deo

64 3109 142 3193 ipsos
165 3133 266 3197 genus
289 3111 429 3191 ducerel,
452 3133 485 3176 11
508 3134 592 3191 vero,
614 3116 651 3177 ut
672 3112 706 3176 id
724 3111 849 3190 faceret,
873 3111 968 3176 etiam
985 3111 1112 3176 oraculo
1128 3111 1229 3176 moni·
1248 3115 1282 3169 25

65 3219 126 3282 tum
149 3240 224 3284 esse.
268 3217 381 3304 Legati
403 3217 602 3302 respondent,
627 3241 693 3284 esse
716 3219 870 3302 templum
892 3217 1041 3283 Herculis
1065 3221 1154 3281 extra
1175 3237 1228 3281 ur·

65 3322 130 3388 bem
155 3325 189 3389 in
217 3347 254 3390 ea
281 3325 367 3405 sede,
395 3348 491 3410 quam
513 3325 706 3410 Palaetyron
727 3325 789 3409 ipsi
811 3329 937 3402 vocent;
968 3323 1015 3387 ibi
1037 3344 1146 3407 regem
1169 3321 1228 3386 deo

67 3451 146 3497 sacra
171 3433 231 3496 rite
255 3432 413 3498 facturum
437 3454 512 3499 esse.
557 3433 633 3498 Non
654 3432 758 3498 tenuit
778 3431 872 3509 iram,
900 3431 989 3514 cujus
1011 3427 1142 3515 potens⁰
1164 3450 1230 3493 non
1247 3433 1263 3464 *

67 3543 134 3604 erat
177 3538 304 3624 Itaque,
330 3537 399 3604 Vos
422 3539 564 3624 quidem,
590 3539 707 3624 inquit,
734 3537 848 3602 fiducia
870 3535 962 3617 loci⁷,
985 3537 1071 3621 quod
1092 3535 1231 3602 insulam

66 3643 207 3724 incolitis,
234 3647 413 3730 pedestrem
439 3646 524 3712 hune
551 3645 725 3710 exercitum
747 3644 908 3729 spernitie;
940 3645 995 3708 sed
1016 3643 1106 3708 brevi
1129 3647 1230 3708 osten·
1247 3648 1284 3704 30

67 3750 145 3830 dam,
170 3753 204 3816 in
227 3752 401 3818 continenti
423 3774 481 3817 vos
504 3773 580 3818 esse.
625 3751 762 3817 Proinde
786 3750 933 3830 scitote⁸,
961 3753 1016 3816 aut
1037 3750 1230 3816 intraturum

67 3877 110 3922 me
135 3859 258 3938 urbem,
285 3864 341 3924 aut
367 3863 632 3945 oppugnaturum.
678 3858 768 3943 Tyrii
794 3859 867 3924 loco
893 3857 970 3922 satis
998 3855 1229 3922 111191ὴεὶ111-

67 3983 131 4028 nem
153 3966 235 4030 ferre
258 3963 505 4032 decreveruntffl.
542 3964 691 4050 Namque
713 3965 827 4030 urbem
849 3987 869 4028 a
888 3963 1063 4031 continenti
1079 3966 1230 4047 quattuor

67 4072 266 4138 111111111111111
298 4073 417 4138 fretum
448 4073 572 4154 dividit,
610 4072 694 4158 quod
725 4072 837 4138 Africo
869 4071 1005 4138 maxime
1037 4067 1230 4155 11)]’1111111111

67 4179 185 4246 crebros
225 4202 263 4244 ex
302 4177 403 4245 alto¹⁸
439 4179 554 4246 fluctus
586 4180 621 4246 in
650 4179 727 4244 litus
759 4179 889 4256 evolvit3
927 4199 1033 4242 muros
1063 4181 1230 4260 turresque
1248 4181 1283 4237 35

67 4287 147 4352 urbis
182 4287 360 4372 praealtum
386 4272 474 4352 mare
501 4287 674 4368 ambiebat,
704 4307 768 4352 non
795 4290 955 4352 tormenta
979 4281 1074 4350 nisi¹⁴
1102 4305 1119 4348 1
1144 4283 1231 4350 nari-

66 4389 119 4460 bus
142 4394 253 4492 procul
276 4393 370 4472 mitti,
392 4416 458 4459 non
481 4394 583 4459 scalae
606 4393 770 4458 moenibus
786 4392 939 4476 applicari
953 4394 1110 4475 poterant
1149 4389 1230 4456 Gon·
