3074 4934
638 229 701 296 103

97 401 203 467 flumini
230 417 351 468 nemus
368 423 504 488 opacum
531 402 699 468 arboribus
726 403 804 468 alibi
831 402 1001 468 invisitatis
1024 402 1261 488 agrestiumque

96 532 241 594 pavonum
273 509 477 575 multitudine
508 509 666 593 frequens.
716 510 834 576 Castris
865 511 940 575 inde
966 508 1080 574 motis⁸
1108 511 1261 595 oppidum

95 618 170 682 haud
183 617 295 700 procul
309 617 452 701 positum
468 616 605 682 corona⁴
628 618 713 701 capit
737 616 963 702 obsidibusque
987 617 1122 700 acceptis
1145 618 1259 700 stipen-

95 725 170 789 dium
191 723 335 808 imponit.

132 944 179 1004 56.
223 937 310 1002 Hinc
325 937 359 1001 in
373 958 507 1022 reguum
523 936 667 1023 Soprthis
690 943 876 1022 perventum
900 942 956 1004 est.
1001 935 1119 1003 Portae
1142 937 1259 1024 oppidi,
1279 943 1295 998 5

94 1047 127 1109 ed
148 1045 230 1130 quod
252 1045 435 1112 Alexander
458 1045 563 1130 copias
586 1045 739 1124 admovit,
767 1045 892 1110 clausae
916 1049 1019 1123 erant,
1047 1041 1102 1109 sed
1123 1043 1206 1110 nulli
1227 1044 1261 1108 in
1278 1049 1293 1078 *

94 1152 179 1216 muris
205 1153 408 1238 turribusque
436 1175 469 1217 re
497 1151 612 1217 armati
635 1152 854 1230 ostendebant,
882 1151 1133 1236 dubitabantque
1156 1151 1261 1216 Mace·

94 1259 192 1339 dones,
219 1259 347 1324 utrum1
374 1260 583 1338 deseruissent
606 1259 717 1324 urbem
740 1259 875 1338 incolae,
904 1282 945 1323 an
967 1258 1078 1324 fraude
1101 1281 1134 1350 qe
1157 1257 1261 1323 occul·

95 1369 198 1445 tarent,
237 1389 310 1431 cum
345 1367 451 1431 subito
483 1366 643 1450 patefacta
673 1370 768 1450 porta
799 1388 856 1430 rex
888 1388 960 1431 cnm
991 1366 1113 1431 duobus
1145 1363 1262 1430 adultis

97 1471 162 1536 iliis
193 1471 340 1538 occurrit.
390 1473 547 1538 Baculum
579 1495 710 1538 aureum
740 1471 871 1556 beryllis
904 1471 1086 1538 distinctum
1117 1472 1315 1560 gerebat310

96 1599 150 1661 quo
178 1579 294 1644 tradito
322 1584 481 1664 precatus,
513 1585 549 1644 ut
577 1580 710 1664 sospites
739 1578 928 1664 acciperetl,
961 1601 994 1644 se
1021 1579 1201 1664 liberosque
1230 1583 1262 1644 et

96 1689 211 1768 gentem
239 1708 331 1750 suam
358 1686 484 1752 dedidit.
530 1685 656 1751 Relicto
683 1685 784 1771 igitur
807 1685 938 1770 Sopithe
961 1685 996 1750 in
1019 1705 1076 1750 suo
1099 1706 1198 1770 regno
1222 1685 1261 1749 ad

95 1789 214 1856 fluvium
251 1791 435 1880 Hypasim
477 1792 637 1876 processit.
698 1791 807 1857 Tertio
850 1791 902 1858 die
944 1814 1069 1857 amnem
1112 1813 1261 1876 superare

96 1897 264 1964 decreverat
286 1900 422 1964 transitu
445 1897 636 1978 difficilemss,
668 1921 733 1964 non
761 1899 865 1964 solum
893 1899 997 1983 spatio
1026 1921 1180 1984 aquarum
1207 1897 1261 1963 sed

95 2003 181 2068 etiam
207 2006 291 2071 saxis
318 2004 533 2090 impeditum⁴.
583 2005 669 2072 Nam
696 2003 871 2070 insatiabili
899 2006 966 2090 ejus
993 2005 1114 2091 gloriae
1142 2005 1294 2090 cupidi*

94 2111 170 2175 tete⁶
204 2113 287 2178 nihil
323 2112 458 2192 invium,
495 2113 578 2176 nihil
613 2117 771 2177 remotum
802 2111 976 2177 videbatur.
1031 2111 1076 2178 At
1108 2112 1295 2177 exercitus*

94 2219 185 2282 omnis
216 2240 282 2283 non
313 2220 418 2284 minus
449 2219 644 2304 proeliorum
676 2240 807 2284 numero
840 2241 937 2304 quam
968 2219 1132 2284 laboribus
1159 2218 1261 2284 fessus

93 2322 220 2390 lacrimis
237 2348 310 2390 eum
332 2327 526 2410 deprecatur,
548 2327 645 2391 finem
667 2326 794 2390 tandem
816 2323 894 2390 belli
916 2323 1067 2402 faceret⁶3
1090 2323 1261 2409 aliquando

94 2431 203 2512 patriae
230 2431 413 2516 reditusque
439 2431 667 2512 meminissetl,
694 2431 866 2516 respiceret
888 2429 1029 2498 militum
1052 2454 1165 2512 annos,
1193 2431 1262 2516 qui·
1340 2435 1343 2444 '

94 2535 147 2601 bus
175 2537 230 2602 vix
258 2543 344 2604 aetas
372 2539 413 2604 ad
439 2539 575 2604 reditum
603 2538 776 2616 sufficeret3
807 2539 892 2604 solos
920 2561 953 2603 se
980 2539 1116 2604 duorum
1141 2542 1296 2624 regum*

94 2642 226 2730 Philippi
253 2645 504 2732 Alexandrique,
536 2646 719 2710 continuam
745 2645 895 2710 militiam
921 2645 1099 2729 pertulisse.
1150 2643 1263 2710 Osten-

96 2751 179 2816 derc⁸
201 2752 282 2818 alius
306 2753 460 2829 canitiem,
484 2753 565 2818 alius
587 2751 731 2830 vulnera3
759 2751 889 2817 tandem
912 2774 1003 2817 orare
1011 2751 1032 2832 ⁸,
1055 2755 1092 2816 ut
1113 2751 1263 2836 reliquias

34 2877 38 2890 ·
94 2857 197 2923 saltem
224 2881 297 2924 suas
324 2859 463 2943 paternis
493 2857 646 2943 sepulcris
674 2858 799 2936 reddat;
827 2880 864 2924 ac
887 2857 1003 2923 sinon
1025 2857 1190 2938 militibus,
1214 2857 1264 2922 vel

94 2963 149 3028 sibi
173 2966 259 3050 ipse⁹
287 2971 411 3051 parcat;
441 2963 516 3031 ne¹⁰
542 2965 704 3032 fortunam
732 2988 822 3032 suam
850 2965 945 3030 nimis
973 2965 1167 3031 onerando11
1190 2965 1263 3030 fati·

93 3076 149 3155 get.
201 3071 260 3138 Ille
299 3094 371 3138 cum
402 3095 503 3157 neque
542 3073 762 3138 cohortatione
799 3094 902 3156 neque
938 3072 1085 3156 precibus
1117 3072 1317 3158 mitigarem

94 3183 192 3259 posset
228 3179 341 3260 iratos,
378 3178 470 3264 inops
509 3178 666 3244 consilii¹²
704 3178 832 3244 desiluit
863 3201 880 3243 e
912 3177 1066 3242 tribunali
1098 3177 1264 3262 claudique

93 3285 206 3370 regiam
244 3285 353 3372 jussit,
397 3285 543 3350 omnibus
586 3289 712 3371 praeter
749 3283 922 3350 familiares
961 3285 1048 3348 adire
1085 3283 1297 3368 prohibitis*

93 3387 222 3457 Biduum
245 3393 311 3458 irae
334 3393 442 3457 datum
466 3397 527 3469 est;
553 3393 648 3457 tertio
672 3391 724 3457 die
745 3391 908 3478 processit,
931 3391 1074 3476 erigique
1098 3391 1264 3455 duodecim

94 3519 158 3564 aras
186 3523 223 3566 ex
251 3499 407 3586 quadrato
430 3521 520 3578 saxo,
547 3503 790 3564 monumentum
813 3497 1022 3584 expeditionis
1046 3519 1135 3578 suae,
1159 3498 1264 3582 jussit.
1385 3523 1387 3526 ·

94 3601 171 3672 Hinc
187 3609 296 3673 eodem
320 3629 383 3693 quo
407 3610 535 3672 venerat
557 3605 670 3672 itinere
693 3607 733 3671 ad
755 3605 873 3671 flumen
888 3601 1139 3690 Hydaspem¹8
1161 3605 1298 3672 rediit*

93 3709 205 3779 Deinde
229 3713 391 3781 Oceanum
419 3713 561 3780 aditurus
589 3713 722 3778 classem
748 3712 837 3778 mille
866 3711 997 3777 navium
1020 3712 1178 3778 aedificari
1197 3713 1264 3796 jus·

93 3817 169 3885 sit¹⁴.
217 3821 386 3887 Discordes
413 3819 534 3886 Porum
566 3824 598 3885 et
626 3815 761 3884 Taxilen
787 3819 896 3884 Indiae
923 3838 1030 3904 reges,
1061 3817 1266 3884 reconciliata

93 3947 125 3989 ac
161 3928 285 3994 firmata
322 3951 378 4014 per
416 3928 605 3994 affinitatem
643 3927 759 4013 gratia,
797 3922 950 4009 relinquit
984 3923 1019 3989 in
1051 3925 1118 3991 suis
1149 3921 1265 4008 regnis,

92 4054 208 4100 summo
245 4036 279 4100 in
311 4036 502 4102 aedificanda
534 4034 634 4100 classe
666 4033 831 4098 amborum
862 4031 969 4096 studio
1000 4053 1086 4099 usus.
1140 4029 1265 4114 Oppida

92 4159 212 4226 quoqne
245 4142 308 4207 duo
340 4141 496 4222 condidit,
534 4161 672 4226 quornm
703 4138 839 4204 alterum
868 4136 1050 4204 Nicaeam
1081 4137 1318 4222 appellavisse

92 4247 220 4312 alterium
248 4248 520 4332 Bucephalam,
553 4247 627 4332 equi
659 4244 732 4314 01²⁶
759 4245 944 4310 mineribus
971 4245 1006 4309 in
1027 4242 1188 4328 proelio²⁶
1213 4263 1265 4309 ac·

93 4355 187 4440 ceptis
213 4355 332 4421 mortui
358 4355 532 4422 memoriae
559 4377 595 4420 ac
622 4353 744 4419 nomini
767 4353 913 4418 deditam
936 4351 1056 4416 urbem.
1101 4349 1264 4436 Elephan-
