3074 4934
869 254 911 312 ,2

305 424 524 490 Macedoniam
545 425 647 490 redire
670 425 827 490 statuisse.
864 424 1056 491 Discnrnmt
1078 427 1195 492 milites
1214 428 1248 492 in
1271 427 1474 492 tabernacula
1518 433 1519 498 l

305 536 338 596 et
367 531 474 596 itineri
505 531 643 596 sarcinas
674 537 799 616 aptant;
836 532 964 616 signum
1001 533 1111 596 datum
1143 555 1210 598 esse
1240 533 1410 613 crederesss,
1440 539 1474 597 ut
1518 529 1519 622 l

269 653 284 681 ⁴
304 659 380 702 vasa
402 638 597 724 colligerent
643 637 786 703 Territus
800 638 947 704 videlicet
961 639 1150 718 Alexander,
1173 640 1229 724 qui
1243 639 1366 706 Indiam
1382 645 1474 725 atque
1518 667 1519 688 ¹

304 743 433 808 ultimas
465 744 596 810 orientis
628 745 705 809 solis
736 750 843 829 partes
874 767 1044 830 peragrare
1075 746 1270 826 statuisset4,
1300 747 1473 831 praefectos

269 867 286 920 5
305 850 468 934 copiarum
490 851 524 914 in
545 851 740 935 praetorium
763 856 916 916 convocat
938 852 1122 936 obortisque
1144 853 1291 932 lacrimis,
1314 875 1354 918 ex
1373 853 1474 918 medio
1518 895 1519 918 1

305 957 427 1042 gloriae
455 957 559 1040 spatio
587 957 728 1022 revocari
755 980 788 1022 se
814 957 997 1042 victrrmque
1024 959 1126 1044 magis
1150 982 1245 1044 quam
1268 959 1423 1025 victorem
1444 960 1475 1024 in

305 1063 441 1147 patriam
463 1063 647 1142 rediturum,
670 1070 861 1148 conquestus
883 1070 939 1130 est.
982 1065 1066 1130 'Itum
1087 1088 1162 1130 vero
1185 1088 1243 1150 pro
1267 1089 1300 1131 se
1323 1066 1475 1151 quisque⁶

272 1187 436 1254 *operam
458 1192 549 1234 suam
571 1171 755 1250 offerebant,
778 1171 965 1236 difficillima
988 1171 1153 1257 quaeque⁶
1175 1173 1356 1257 poscebant,
1382 1174 1475 1256 polli-

306 1277 459 1341 cebantur
484 1277 623 1341 militum
650 1299 778 1362 quoque
805 1276 1005 1362 obsequium,
1033 1279 1060 1342 si
1083 1279 1204 1344 animos
1227 1302 1338 1345 eorum
1359 1280 1425 1344 leni
1448 1283 1477 1344 et

255 1398 289 1454 10
307 1386 382 1465 apta
410 1382 552 1448 oratione
579 1383 773 1468 permulcere
799 1383 979 1449 voluisset⁷.
1024 1384 1075 1450 Ita
1101 1407 1134 1450 se
1156 1386 1317 1451 facturum
1339 1409 1408 1451 esse
1431 1409 1477 1451 re·
1518 1365 1519 1382 χ

308 1489 442 1572 spondit.
502 1488 633 1554 Summa
669 1490 807 1554 militum
844 1491 1036 1570 alacritate⁸,
1063 1492 1256 1574 jubentium,
1288 1515 1478 1578 quocunque

273 1613 288 1646 *
306 1597 413 1676 vellet,
429 1597 551 1674 ducere,
567 1597 669 1661 oratio
686 1602 817 1680 excepta
832 1603 889 1664 est.
927 1599 1059 1664 Recenti
1074 1600 1252 1664 animorum
1266 1599 1387 1684 impetu
1402 1623 1477 1665 usus

307 1726 362 1768 rex
390 1704 431 1768 ad
457 1703 536 1768 fines
559 1703 774 1788 Hyrcaniae
795 1706 1005 1790 progreditur.
1051 1705 1211 1784 Quadrato
1235 1707 1380 1792 agmine⁰
1403 1709 1477 1785 ibat,

272 1811 519 1894 *speculatores
550 1811 770 1895 praemittens,
802 1811 858 1895 qui
891 1813 1091 1896 explorarent
1121 1813 1201 1878 loca.
1251 1813 1343 1878 Levis
1375 1837 1476 1878 arma·

256 1932 289 1985 15
308 1920 381 1981 tura
412 1917 548 1982 ducebat
579 1939 707 2002 agmen,
737 1918 877 2003 phalanx
909 1941 979 1983 eam
1012 1919 1215 2002 sequebatur,
1252 1925 1325 2004 post
1358 1922 1476 2004 pedites

308 2029 397 2089 erant
427 2025 660 2109 impedimenta
705 2025 750 2090 Et
780 2047 859 2110 gens
886 2025 1038 2090 bellicosa
1066 2031 1098 2090 et
1120 2032 1234 2092 natura
1255 2027 1319 2090 loci
1342 2027 1475 2092 difficilis

307 2127 432 2196 aditu¹⁰
463 2153 571 2196 curam
600 2131 685 2217 regis
716 2130 903 2198 intenderat.
928 2195 930 2200 ,
953 2132 1038 2198 Nam
1069 2139 1224 2218 perpetua
1254 2134 1347 2198 vallis
1378 2156 1476 2218 usque

274 2252 288 2280 *
308 2238 348 2302 ad
367 2261 454 2304 mare
474 2237 624 2321 Caspium
645 2242 746 2322 patet3
785 2237 882 2302 silvae
904 2239 974 2304 viae
996 2240 1238 2304 imminebant¹¹
1259 2245 1475 2326 torrentesque

308 2349 340 2409 et
372 2345 490 2409 eluvies
525 2345 585 2410 iter
616 2345 830 2412 morabantur.
884 2345 984 2412 Nullo
1015 2352 1123 2412 tamen
1154 2347 1245 2412 hoste
1278 2347 1409 2414 obvio¹²
1440 2349 1476 2411 ad

255 2463 289 2518 20
308 2451 443 2516 cultiora
464 2451 536 2516 loca
557 2456 745 2536 perventum
768 2458 824 2517 est

354 2653 405 2710 39.
450 2646 666 2712 Mardorum
689 2653 757 2712 erat
778 2669 857 2734 gens
880 2649 1012 2714 confinis
1035 2650 1223 2734 Hyrcaniae,
1255 2653 1345 2717 cultu
1375 2651 1477 2716 vitae¹

309 2775 420 2837 aspera
458 2758 490 2818 et
527 2754 702 2819 latrociniis
740 2760 875 2820 assueta.
920 2755 1075 2822 Interiora
1113 2759 1181 2842 ejus
1217 2759 1357 2843 regionis
1394 2759 1478 2822 haud

309 2859 388 2924 adiri
416 2861 483 2925 sine
505 2881 622 2946 magna
642 2861 810 2926 vexatione
833 2863 988 2928 exercitus
1010 2868 1166 2947 poterant.
1210 2864 1297 2951 luga
1324 2865 1479 2930 montium

308 2967 452 3050 praealta
478 2989 635 3050 rupesque
661 2956 766 3032 inviae
793 2969 951 3052 saepiunt3
984 2992 1021 3034 ea
1049 2992 1130 3053 quae
1156 2971 1252 3054 plana
1280 2970 1374 3036 sunt²
1398 2992 1477 3036 noro

255 3085 289 3138 25
308 3073 497 3138 munimenti
524 3094 639 3158 genere
669 3074 877 3158 impedierant
908 3076 1044 3142 barbari.
1089 3076 1229 3142 Arbores
1260 3079 1376 3143 densae
1408 3083 1479 3142 sunt

309 3181 347 3246 de
373 3180 530 3246 industria
557 3179 724 3260 consitaess,
752 3203 887 3266 quarum
913 3205 1019 3247 ramos
1046 3183 1182 3248 intortos
1208 3207 1316 3250 rursus
1337 3184 1479 3248 inserunt

307 3293 423 3363 terrae;
455 3287 528 3352 inde
561 3309 600 3352 ex
631 3289 695 3352 alia
725 3287 829 3353 radice
861 3288 1008 3354 laetiores
1040 3289 1144 3354 virent
1174 3291 1287 3357 trunci.
1333 3291 1396 3369 Qui
1423 3289 1478 3354 ubi

308 3395 410 3460 multa
450 3394 561 3458 fronde
603 3395 709 3460 vestiti
752 3399 839 3474 sunt,
882 3395 999 3460 occulti
1040 3418 1201 3462 ramorum
1243 3398 1334 3482 quasi
1371 3397 1478 3483 laquei

308 3507 462 3584 perpetua
484 3523 577 3584 saepe
600 3501 661 3566 iter
684 3502 843 3566 claudunt.
880 3500 1007 3568 Incolae
1030 3508 1145 3583 autem,
1167 3504 1233 3570 ritu
1254 3505 1395 3570 ferarum
1417 3504 1478 3568 rir-

256 3615 291 3670 30
310 3607 401 3690 gulta
428 3607 534 3672 subire
561 3607 660 3688 soliti,
689 3608 820 3672 occultis
847 3608 920 3672 telis
947 3609 1070 3674 hostem
1097 3611 1301 3676 lacessebant
1346 3611 1407 3676 Ille
1428 3634 1478 3674 ve·

275 3713 455 3777 *nantium
485 3715 579 3779 modo
611 3713 747 3779 latibula
778 3719 937 3780 scrutatus
968 3717 1136 3802 plerosque
1168 3718 1321 3795 confodit
1360 3719 1401 3782 ad
1428 3741 1477 3783 ex-

309 3826 445 3885 tremum
460 3823 564 3886 tamen
581 3821 746 3886 circumire
761 3821 878 3886 saltum
893 3822 1009 3888 milites
1022 3823 1122 3908 jubet,
1144 3829 1190 3904 ut,
1213 3825 1241 3890 si
1263 3849 1327 3910 qua
1349 3829 1478 3910 pateret,

308 3929 527 4012 irrumperent.
582 3927 643 3994 Sed
680 3929 798 4014 ignotis
830 3929 910 3994 locis
941 3929 1084 4014 plerique
1117 3932 1265 3997 errabant
1296 3932 1478 4016 exceptique

275 4039 383 4099 *sunt
406 4033 548 4118 quidam;
580 4057 652 4100 cum
673 4035 725 4100 his
749 4035 843 4100 etiam
867 4057 967 4120 equus
989 4036 1073 4122 regis
1096 4042 1290 4121 capanea,
1315 4075 1356 4086 -
1380 4037 1477 4102 Buce·

276 4141 440 4224 *phalam
462 4141 626 4221 vocabant,
648 4179 693 4190 -
716 4163 810 4226 quem
832 4165 932 4207 unum
955 4143 1136 4209 Alexander
1162 4145 1293 4229 plurimi
1316 4141 1469 4210 faciebat*

275 4247 456 4332 *Namque
493 4247 592 4312 alium
628 4248 684 4313 ille
715 4248 749 4312 in
781 4249 872 4314 dorso
911 4271 968 4314 suo
1006 4250 1142 4316 insidere
1174 4273 1239 4316 non
1270 4249 1476 4336 patiebatur⁶,

309 4373 418 4436 regem
432 4376 516 4434 vero,
540 4377 611 4420 cum
630 4355 728 4418 vellet
751 4356 924 4435 ascendere,
947 4379 1005 4422 sua
1027 4364 1139 4441 sponte
1161 4381 1266 4444 genua
1288 4358 1476 4424 submittens
