3092 4938
847 289 886 346 52

285 461 379 544 pulsu
409 481 583 545 paucorum
610 457 867 538 Thebanorumi,
899 459 967 543 qui,
999 459 1198 524 adversariae
1228 458 1362 523 factioni
1390 481 1457 542 quo

285 567 409 634 facilius
436 567 631 644 resisterent,
658 565 818 630 laconum
840 565 934 630 rebus
958 563 1160 644 studebant⁸,
1190 565 1286 649 idque
1309 587 1367 630 suo
1390 567 1457 650 pri-

285 679 358 740 vato
381 696 445 740 non
467 663 596 758 publico
619 673 694 737 fecit
717 669 876 739 consilio4.
915 670 983 748 Quo
1006 671 1111 736 factol
1131 693 1203 736 eum
1218 671 1458 737 Lacedaemonii

285 781 325 847 ab
358 782 496 848 exercitu
522 783 723 844 removerunt
750 779 944 863 pecuniaque
972 777 1179 857 multarunt⁶,
1211 800 1314 863 neque
1348 783 1459 844 tamen

250 897 388 960 5arcem
416 886 576 952 Thebanis
608 885 825 965 reddiderunt,
857 885 941 969 quod
974 885 1126 969 susceptis
1154 885 1328 950 inimicitiis
1356 887 1458 952 satius

285 996 442 1062 ducebant
469 1016 522 1059 eos
549 992 698 1072 obsideri,
728 1015 823 1077 quam
851 991 1026 1088 liberarit!
1052 991 1145 1058 Nam·
1160 996 1234 1076 post
1257 991 1458 1076 Peloponne-

285 1103 367 1168 sium
393 1101 513 1166 bellum
535 1087 741 1183 Athenasque
769 1098 905 1164 devictas
935 1121 1007 1163 cum
1030 1098 1191 1164 Thebanis
1214 1099 1275 1164 sibi
1297 1121 1365 1163 rem
1389 1122 1459 1165 esse

286 1209 508 1274 existimabant
540 1211 571 1272 et
603 1229 656 1272 eos
689 1228 756 1271 esse
787 1207 886 1285 solos,
918 1205 973 1291 qui
1004 1207 1149 1270 resistere
1177 1207 1335 1273 auderent.
1385 1207 1459 1272 Hac

170 1392 172 1396 .
285 1321 389 1380 mente
431 1314 540 1380 amicis
582 1313 646 1378 suis
689 1335 827 1378 summas
864 1314 1036 1396 potestates
1074 1313 1225 1377 dederant
1262 1312 1459 1398 alteriusque

232 1431 270 1512 ¹10
288 1422 434 1488 factionis
466 1421 623 1506 principes
655 1417 754 1484 alios⁸
785 1419 1020 1499 interfecerant,
1052 1419 1132 1484 alios
1159 1419 1193 1482 in
1221 1419 1368 1484 exsilium
1395 1421 1460 1505 eje-

233 1523 236 1536 *
287 1533 402 1596 oerant.
447 1529 486 1594 In
508 1528 623 1612 quibus
646 1526 853 1610 Pelopidas
876 1526 987 1610 pulsus
1009 1526 1112 1610 patria
1135 1525 1291 1591 carebatl.

331 1697 360 1754 2.
406 1689 450 1754 Hi
481 1710 589 1753 omnes
620 1686 687 1750 fere
714 1685 858 1751 Athenas
890 1709 923 1750 se
956 1686 1168 1766 contulerant,
1200 1709 1264 1751 non
1296 1686 1380 1770 quo1
1409 1710 1459 1752 se·
1543 1699 1544 1794 q

287 1799 456 1880 querentur
478 1793 591 1873 otium,
619 1793 673 1857 sed
695 1795 739 1872 ut,
762 1814 980 1876 quemcunque
1001 1791 1107 1856 locum
1129 1791 1196 1857 fors
1220 1792 1397 1872 obtulisset,
1421 1816 1459 1858 eo

253 1903 421 1986 *patriam
443 1922 627 1984 recuperare
649 1897 851 1964 niterenturl.
888 1897 1000 1983 Itaque
1023 1920 1094 1963 cum
1116 1903 1241 1982 tempus
1258 1906 1340 1966 esset
1355 1901 1461 1966 visum
1543 1907 1544 1960 l

236 2015 268 2070 15
286 2009 333 2074 rei
354 2007 510 2094 gerendae
516 2005 538 2087 ⁸,
561 2005 768 2071 communiter
783 2027 855 2070 cum
871 2006 924 2084 eis,
948 2005 1002 2090 qui
1017 2005 1135 2070 Thebis
1150 2007 1233 2070 idem
1250 2007 1430 2072 sentiebant
1436 2007 1460 2087 4,

287 2115 369 2180 diem
393 2115 579 2199 delegerunt
601 2114 641 2178 ad
663 2113 807 2177 inimicos
830 2112 1051 2196 opprimendos
1075 2111 1297 2197 civitatemque
1319 2113 1460 2179 liberan-

287 2224 359 2288 dam
388 2220 491 2300 eum⁶,
519 2243 582 2306 quo
606 2221 809 2304 magistratus
832 2242 895 2284 una
918 2217 1124 2284 consuerant⁰
1147 2219 1277 2303 epulari.
1322 2221 1460 2306 Magnae
1543 2307 1544 2310 Ἴ

288 2350 380 2413 saepe
402 2351 452 2392 res
475 2351 539 2393 non
561 2327 626 2393 ita⁷
648 2327 772 2412 magnis
796 2327 894 2410 copiis
915 2330 989 2390 sunt
1008 2329 1125 2412 gestae,
1149 2326 1203 2390 sed
1218 2326 1361 2410 profecto
1377 2351 1460 2393 nun·

288 2457 383 2518 quam
411 2435 451 2498 ab
474 2437 541 2497 tam
563 2433 651 2498 tenui
672 2431 784 2496 initio⁸
806 2437 913 2496 tantae
937 2454 1013 2515 opes
1036 2435 1110 2496 sunt
1131 2431 1327 2518 profligatae.
1372 2433 1461 2500 Nam
1543 2499 1544 2520 ἦ

234 2547 269 2602 20
288 2539 471 2604 duodecim⁹
494 2539 721 2604 adulescentuli
743 2539 885 2604 coierunt
908 2561 946 2604 ex
970 2539 1028 2624 eis,
1052 2539 1107 2623 qui
1130 2539 1241 2604 exsilio
1265 2545 1355 2606 erant
1375 2543 1461 2606 mul-
1543 2545 1544 2552 ’

287 2645 361 2725 tati,
388 2667 460 2710 cum
488 2647 615 2711 omnino
643 2667 707 2710 non
738 2649 841 2710 essent
868 2643 1038 2729 amplius¹⁰
1065 2649 1205 2726 centum,
1233 2645 1288 2730 qui
1310 2653 1400 2713 tanto
1425 2672 1461 2714 se
1543 2687 1544 2740 p

289 2749 471 2817 offenencss
493 2752 641 2836 periculo.
688 2751 758 2828 Qua
780 2753 939 2836 paucitate
961 2774 1109 2836 percussa
1132 2757 1180 2817 est
1195 2752 1461 2821 Lacedaemonio-

287 2881 359 2923 rum
390 2858 573 2944 potentiall.
623 2859 737 2945 Neque
769 2859 853 2924 enim
883 2857 1020 2944 magis18
1048 2859 1299 2924 adversariorum
1325 2861 1461 2929 factioni
1543 2887 1544 2938 l

289 2987 384 3050 quam
398 2965 652 3032 Lacedaemoniis
675 2988 712 3031 eo
732 2971 874 3051 tempore
889 2967 1009 3031 bellum
1023 2967 1207 3045 intulerunt,
1230 2968 1285 3051 qui
1299 2969 1460 3052 principes

237 3083 271 3137 25
292 3077 381 3138 erant
407 3074 506 3138 totius
536 3072 692 3139 Graeciae.
737 3072 791 3138 Illi
818 3073 994 3152 duodecim,
1021 3095 1155 3158 quorum
1182 3074 1246 3138 dux
1273 3080 1342 3140 erat
1364 3075 1460 3142 Pelo-

288 3178 389 3263 pidas,
422 3201 493 3244 cum
526 3180 656 3245 canibus
688 3181 838 3245 venaticis
870 3179 1005 3244 Athenis
1037 3181 1181 3246 exierunt
1211 3181 1291 3246 retia
1321 3181 1460 3249 ferentes

289 3285 405 3351 vestitu
428 3288 554 3374 agresti,
577 3286 675 3372 quo¹⁴
697 3288 817 3352 minore
839 3287 1015 3372 suspicione
1037 3287 1178 3353 facerent
1200 3287 1269 3355 iter.
1308 3287 1461 3366 Quicum

289 3394 348 3459 sub
386 3417 551 3479 vesperum
581 3394 707 3460 Thebas
744 3394 971 3479 pervenissent,
1002 3395 1131 3460 domum
1161 3392 1313 3460 Charonis
1349 3397 1459 3462 dever-

289 3499 438 3580 terunt¹⁶,
461 3523 480 3565 a
503 3521 566 3586 quo
590 3505 622 3566 et
642 3507 767 3585 tempus
791 3505 822 3566 et
845 3501 910 3566 dias
934 3505 1001 3566 erat
1024 3503 1124 3567 datus.

235 3668 272 3722 30
337 3664 365 3724 3.
410 3657 481 3725 Ηοο
512 3661 583 3726 loco
610 3661 689 3726 libet
720 3660 933 3745 interponere,
966 3662 1025 3726 etsi
1052 3662 1229 3746 sejunctum
1255 3663 1295 3727 ab
1322 3683 1358 3726 re
1385 3685 1461 3748 pro·

289 3766 394 3850 posita
417 3767 493 3846 est1,
515 3767 613 3832 nimia
635 3767 750 3831 fiducia
772 3771 908 3851 quantae
931 3767 1103 3834 calamitati
1125 3767 1335 3834 salutasset
1373 3769 1460 3836 Nam

290 3873 532 3958 magistratuum
561 3873 786 3938 Thebanorum
813 3875 920 3938 statim
946 3875 987 3938 ad
1014 3897 1105 3941 aures
1132 3874 1307 3960 pervenis,
1334 3878 1460 3943 exsules

290 3979 324 4044 in
349 3979 461 4044 urbem
488 3980 617 4046 venisse.
662 3980 699 4045 Id
726 3981 775 4045 illi
801 3981 875 4045 rino
902 3981 1066 4066 epulisque
1094 3982 1190 4047 dediti
1217 4003 1316 4066 usque
1344 4005 1383 4048 eo
1407 3985 1460 4049 de-

291 4091 471 4171 spexerunt,
509 4091 546 4151 ut
583 4109 622 4152 ne
661 4109 811 4171 quaerere
849 4087 975 4171 quidem
1013 4087 1051 4152 de
1082 4092 1172 4154 tanta
1203 4111 1237 4154 ro
1269 4088 1459 4156 laborarent.

256 4199 271 4229 ⁴
289 4187 441 4272 Accessit,
465 4193 549 4276 quod
571 4193 666 4258 etiam
688 4194 789 4280 magis
809 4191 963 4278 aperiret*
983 4213 1093 4259 eorum
1114 4195 1311 4261 dementiam.
1349 4193 1462 4261 Allata

292 4301 340 4362 est
362 4297 445 4362 enim
468 4297 602 4382 epistula
617 4297 752 4365 Athenis
771 4299 828 4364 uni
843 4321 881 4364 ex
897 4299 957 4380 his,
979 4299 1124 4381 Archiae,
1148 4301 1202 4385 qui
1216 4305 1286 4366 tum
1300 4325 1461 4368 summum

291 4403 512 4489 magistratum
539 4403 656 4470 Thebis
687 4405 864 4483 obtinebat,
895 4406 930 4470 in
962 4428 1037 4508 qua·
1056 4407 1162 4473 omnia
1193 4407 1231 4472 de
1262 4409 1463 4491 profectione
