3074 4934
633 243 694 304 101

126 426 173 484 53.
218 418 351 483 Postero
390 418 439 483 die
476 418 575 503 legati
607 416 761 482 Abisarae
776 435 780 456 ²
793 419 959 494 venerunt;
998 416 1104 481 omnia
1136 415 1286 481 dicioni*

87 528 159 611 ejus,
184 525 231 590 ita
257 528 295 589 ut
321 526 506 590 mandatnm
535 529 615 603 erat,
642 524 881 608 permittebant,
908 523 1094 606 firmataque
1117 521 1253 588 invicem

86 633 140 698 fide
164 633 377 698 remittuntur.
421 631 560 696 Porum
589 653 715 716 qnoque
743 629 882 694 nominis
910 629 960 695 sni
984 629 1072 694 fama
1099 633 1187 694 ratus
1213 630 1253 694 ad

88 739 268 805 deditionem
287 760 381 823 posse
397 738 553 823 compelli,
575 738 664 802 misit
679 739 719 802 ad
743 760 815 802 eum
830 736 1030 816 Cleocharen,
1055 736 1111 822 qui
1134 738 1254 802 denun-

87 846 201 926 tiaret1,
223 849 260 910 ut
275 843 469 928 stipendium
484 845 634 928 penderet
650 847 681 910 et
695 845 729 908 in
752 844 856 928 primo
880 865 1008 908 suorum
1031 842 1143 907 finium
1165 842 1253 908 aditu
1272 852 1288 904 5

88 956 254 1018 occurreret
273 952 351 1037 regi.
395 951 496 1016 Porus
521 952 656 1016 alterum
679 974 717 1016 ex
739 951 791 1016 his
813 951 970 1016 iacturum
993 971 1060 1014 esse
1083 950 1255 1034 respondit,

87 1065 119 1125 ut
142 1059 273 1126 intranti
299 1079 434 1143 regnum
461 1079 554 1123 sunm
580 1064 706 1143 praesto
736 1063 829 1138 esset,
862 1059 916 1124 sed
944 1061 1092 1124 armatus.
1141 1057 1253 1141 Itaque

88 1167 117 1230 in
144 1167 295 1232 ulteriore
326 1166 397 1250 ripa
428 1165 529 1231 Porus
562 1188 634 1230 cum
665 1187 782 1251 magno
816 1165 954 1230 exercitu
986 1165 1182 1246 consederat,
1217 1169 1255 1229 ut

88 1273 233 1339 bansitu²
259 1272 446 1358 prohiberet
468 1273 602 1338 hostem.
648 1273 827 1337 Alexander
850 1273 942 1356 inops
966 1269 1109 1337 consilii⁸
1132 1273 1172 1336 ad
1194 1271 1254 1336 fal·

88 1381 206 1445 lendum
237 1381 363 1447 hostem
393 1380 454 1444 hoc
482 1380 555 1445 dolo
582 1379 692 1445 utitur.
742 1379 822 1443 Erat
849 1379 954 1444 insula
981 1379 1014 1442 in
1041 1377 1172 1442 flumine
1200 1377 1254 1442 sil·
1273 1383 1307 1442 *,

88 1488 189 1553 vestris
216 1490 248 1552 et
274 1487 418 1572 tegendis
444 1484 590 1551 insidiis*
616 1490 699 1570 apta.
744 1484 848 1550 Vallis
878 1506 1004 1569 quoque
1031 1485 1116 1551 haud
1143 1485 1289 1569 procul*

90 1617 105 1656 a
128 1593 206 1679 ripa,
234 1617 330 1678 quam
357 1594 486 1658 tenebat
513 1592 595 1676 ipse,
621 1614 687 1658 non
714 1593 836 1677 pedites
865 1593 958 1657 modo
987 1593 1042 1656 sed
1065 1591 1161 1656 etiam
1184 1613 1256 1657 cunr

90 1700 169 1784 equis
198 1700 282 1766 viros
313 1703 438 1783 poterat
471 1699 671 1765 abscondere.
724 1698 837 1782 Itaque
868 1702 905 1763 ut
936 1721 955 1762 a
987 1698 1130 1763 custodia
1161 1697 1256 1781 hujus

90 1805 323 1890 opportunitatis
351 1805 459 1870 oculos
485 1805 627 1904 hosb'um
654 1808 823 1882 averteret,
852 1803 1069 1869 Ptolemaeum
1094 1826 1166 1869 cum
1188 1825 1255 1868 om-

89 1913 172 1978 nibns
198 1911 313 1978 turmis
341 1911 526 1996 obequitare
545 1910 645 1995 jussit
666 1911 779 1995 procul
801 1911 842 1974 ab
865 1910 970 1976 insula
993 1915 1025 1975 et
1047 1910 1181 1976 subinde
1203 1909 1255 1974 Ιη-ι
1276 1917 1308 1972 lt

90 2021 141 2085 dos
165 2021 301 2086 clamore
328 2023 455 2097 terrere,
484 2018 574 2102 quasi
601 2018 718 2083 flumen
745 2021 968 2084 transnaturus
997 2022 1087 2084 esset.
1134 2017 1255 2082 Averso

88 2126 171 2191 hoste
191 2127 226 2190 in
249 2147 316 2205 eoa,
344 2125 402 2209 qui
425 2147 496 2190 cum
519 2124 704 2190 Ptolemaeo
728 2124 912 2189 inferiorem
935 2124 1123 2189 obsederant
1145 2124 1256 2208 ripam,

88 2255 138 2297 rex
155 2253 278 2297 amnem
293 2253 365 2296 cum
388 2231 499 2296 ceteris
523 2231 623 2315 copiis
645 2229 802 2316 trajecitl.
847 2227 922 2295 Jam
945 2251 1059 2315 agmen
1081 2231 1115 2294 in
1138 2252 1257 2294 cornua

91 2339 218 2404 divisum
241 2339 310 2423 ipse
333 2339 478 2418 ducebat,
502 2336 593 2427 cum⁰
616 2337 699 2403 Poro
723 2336 898 2416 nuntiatur,
921 2338 962 2402 ab
985 2337 1132 2402 hostibus
1155 2337 1257 2422 ripam

90 2445 216 2510 obtineri
232 2449 264 2509 et
278 2465 384 2509 rerum
400 2445 508 2509 adesse
532 2443 709 2510 discrimen.
756 2443 890 2509 Centum
914 2443 1085 2528 quadrigas
1109 2447 1141 2508 et
1164 2449 1256 2528 quat·
1274 2448 1310 2504 20

24 2627 25 2630 Ἴ
89 2555 153 2616 tuor
182 2552 273 2617 milia
305 2552 446 2636 equitum
480 2552 619 2617 venienti
651 2552 771 2637 agmini
804 2551 929 2636 objecit.
980 2550 1110 2617 Summa
1142 2551 1257 2616 virium

89 2665 147 2725 erat
171 2661 205 2724 in
232 2659 385 2724 curribus.
430 2658 506 2725 Seni
533 2659 595 2724 viri
622 2659 758 2744 singulis
785 2659 996 2740 vehebantur,
1030 2660 1092 2724 duo
1122 2657 1292 2743 clipeati*

24 2769 25 2774 ’
90 2765 144 2830 duo
162 2767 333 2852 sagIttarii,
356 2767 396 2830 ab
419 2771 556 2850 utroque
579 2767 679 2832 latere
703 2767 863 2852 dispositi;
887 2767 1016 2852 aurigae
1040 2769 1130 2832 erant
1153 2764 1258 2831 ceteri.

89 2869 215 2956 Scythae
248 2877 280 2938 et
308 2873 419 2938 Dahae
451 2873 548 2956 primi
580 2873 723 2938 omnium
755 2873 938 2940 invaserunt
969 2875 1002 2938 in
1030 2873 1133 2939 Indos.
1184 2871 1258 2937 Jam

24 3023 25 3044 2
89 2979 219 3064 undique
250 3000 359 3064 pugna
390 2979 559 3044 commissa
591 2983 672 3058 erat,
707 3002 777 3044 cum
811 2981 852 3060 ei,
885 2979 942 3065 qui
969 3002 1078 3044 currus
1107 2979 1255 3064 agebant,
1273 2985 1306 3041 25

90 3085 187 3150 effirsis
202 3085 336 3151 habenis
359 3085 394 3150 in
416 3085 556 3150 medium
580 3085 749 3151 discrimen
771 3109 863 3152 ruere
886 3090 1058 3170 coeperunt
1066 3085 1086 3150 ⁷.
1132 3086 1257 3168 Anceps

24 3207 25 3252 z
89 3189 118 3254 id
146 3193 266 3258 malum
296 3191 441 3276 utrisque
470 3196 545 3257 erat.
595 3191 681 3257 Nam
709 3195 741 3257 et
768 3193 976 3258 Macedonum
1003 3193 1125 3276 pedites
1151 3189 1257 3275 primo

89 3297 202 3382 impetu
230 3299 468 3378 obterebantur,
501 3303 532 3364 et
560 3321 668 3364 currus
696 3321 753 3384 per
780 3299 867 3364 invia
893 3299 1029 3364 immissi
1057 3297 1258 3362 excutiebant

24 3401 25 3404 ’
90 3425 150 3486 eos,
181 3430 200 3470 a
232 3406 347 3490 quibus
378 3404 603 3491 regebantur⁸3
636 3405 774 3471 aliorum
805 3397 927 3470 turbati
960 3405 1034 3490 equi
1065 3405 1100 3470 in
1132 3425 1258 3468 amnem

89 3513 366 3597 praecipitaverunt
397 3513 564 3590 cunicula3
596 3511 690 3596 pauci
719 3512 794 3577 telis
821 3511 963 3578 hostium
990 3512 1093 3577 exacti
1119 3533 1258 3576 recurre·
1276 3519 1311 3574 30

89 3624 156 3684 runt
178 3621 216 3686 ad
232 3619 352 3684 Porum
373 3619 524 3684 acerrime
546 3641 687 3705 pugnam
710 3619 854 3686 cientem.
899 3619 1087 3684 Macedones
1110 3618 1258 3702 elephan-

90 3729 188 3790 torum
215 3728 360 3810 aspectus
388 3748 559 3810 parumper
580 3726 735 3807 inhibuit,
763 3726 821 3812 qui
843 3725 991 3810 dispositi
1013 3724 1098 3790 inter
1121 3729 1258 3790 armatos

89 3832 217 3914 speciem
248 3833 385 3898 turrium
411 3833 523 3916 procul
551 3833 717 3898 faciebant.
768 3833 814 3899 At
840 3831 1021 3898 Alexander
1047 3854 1121 3898 suos
1148 3831 1292 3896 cohor-’⁶

89 3941 167 4004 tatus
198 3939 337 4005 concitat
371 3962 488 4024 equum
519 3940 703 4024 primusque
735 3939 856 4006 invadit
887 3939 922 4004 in
954 3939 1080 4005 ordines
1106 3937 1258 4014 hostium

90 4043 205 4114 coenus
219 4046 344 4132 ingenti
366 4046 401 4110 vi
422 4046 457 4110 in
480 4047 625 4112 dextrum
648 4068 745 4111 cornu
768 4045 938 4127 invehitur,
961 4047 1102 4132 phalanx
1123 4043 1259 4110 mediam
1276 4053 1310 4109 35

88 4148 232 4218 Indorum
254 4153 353 4218 aciem
375 4175 439 4218 uno
462 4152 584 4237 impetu
605 4151 790 4238 perrumpit.

130 4354 181 4415 54.
224 4348 327 4414 Porus
342 4346 449 4435 tamen
471 4348 624 4435 colligere
647 4321 814 4433 dispersos,
838 4346 951 4425 obvius
974 4347 1061 4412 hosti
1083 4347 1130 4412 ire
1153 4347 1258 4432 pergit
