3074 4934
685 254 747 315 131

130 448 165 490 se
189 429 374 490 senatorem.
419 425 552 490 Jussus⁶
574 430 680 492 tamen
703 426 892 492 sententiam
914 426 1030 506 dicere,
1051 428 1140 492 reddi
1162 429 1303 512 captivos

129 531 280 617 negavit⁶
319 554 385 597 esse
423 533 516 618 utile3
559 533 632 598 illos
671 533 755 598 enim
791 533 1008 599 adulescentes
1040 555 1107 599 esse
1139 539 1171 600 et
1202 535 1302 601 bonos

129 638 235 718 duces,
258 639 377 723 sejam
400 639 576 705 confectum
599 643 767 706 senectute.
806 639 903 724 Cujus
927 662 999 706 cum
1020 641 1172 706 valuisset
1194 646 1302 708 aucto·

127 745 222 824 ritas,
250 745 367 830 captivi
394 747 510 811 retenti
539 751 624 830 sunt,
651 747 720 830 ipse
743 746 969 832 Carthaginem
990 747 1083 812 rediit
1104 770 1207 832 neque
1230 769 1303 814 eum

129 852 245 916 caritas
273 852 393 936 patriae
420 853 552 918 retinuit
578 874 636 918 nec
663 875 801 922 auorum.
846 853 961 938 Neque
987 876 1061 920 vero
1084 859 1153 920 tum
1175 855 1337 940 ignora-5

128 957 218 1037 bat⁷,
249 981 283 1023 se
323 960 363 1024 ad
395 960 646 1026 crudelissimum
677 961 802 1026 hostem
833 965 866 1026 et
897 961 938 1026 ad
965 961 1122 1045 exquisita
1148 961 1303 1046 supplicia

127 1065 299 1150 proficisci,
335 1067 390 1131 sed
424 1067 646 1151 jusjurandum
684 1067 932 1134 conservandum
968 1069 1112 1152 putabat.
1171 1068 1303 1136 Cartha·

128 1172 288 1257 ginienses
311 1195 384 1238 eum
405 1173 534 1238 resectis
556 1173 716 1258 palpebris
738 1173 899 1259 illigatum
921 1173 955 1238 in
977 1174 1155 1254 machina⁸,
1183 1175 1217 1240 in
1239 1198 1302 1260 qua

127 1279 269 1364 undique
290 1281 453 1365 praeacuti
475 1279 597 1345 stimuli
620 1279 810 1360 eminebant,
833 1280 993 1366 vigilando
1017 1280 1235 1346 necaverunt⁸.

175 1445 204 1504 8.
249 1440 387 1505 Romani
413 1462 496 1505 nova
523 1440 622 1505 classe
650 1446 833 1524 comparata
854 1441 1043 1526 Lilybaeum
1070 1441 1190 1507 frustra
1217 1441 1355 1507 obsi-10

128 1547 253 1612 debant.
308 1545 391 1612 Tum
428 1546 464 1612 P.
503 1546 682 1613 Claudius
713 1545 879 1612 Pulcher
916 1549 1044 1627 consul,
1081 1548 1216 1632 superbe
1253 1571 1301 1614 re-

128 1654 294 1738 prehensis
325 1653 470 1738 priorum
502 1655 617 1720 ducum
649 1655 804 1733 consiliio,
834 1655 918 1738 apud
946 1653 1159 1738 Drepanum
1191 1660 1302 1720 contra

127 1761 269 1844 auspicia
300 1762 464 1845 pugnavit.
514 1761 600 1827 Nam
632 1783 703 1826 cum
736 1783 832 1826 cavea
863 1761 1011 1826 liberati1
1041 1761 1123 1846 pulli
1153 1783 1218 1826 non
1245 1783 1300 1845 pa-

127 1873 302 1948 scerentur,
324 1890 382 1951 per
400 1867 527 1951 jocuml
551 1869 624 1933 deos
647 1868 780 1934 irridens
802 1869 904 1954 mergi
928 1889 981 1934 eos
1004 1869 1038 1932 in
1062 1890 1177 1952 aquam
1196 1868 1301 1951 jussit,

126 1981 165 2040 ut
196 1975 353 2053 biberent,
387 1975 536 2059 quoniam
567 1991 635 2040 esse
666 1975 798 2042 nollent.
849 1974 910 2052 Qui
937 1975 1151 2040 risus·classe
1178 1975 1301 2040 devicta
1321 1983 1353 2036 15

126 2083 246 2147 multas
272 2082 334 2165 ipsi
361 2082 520 2162 lacrimas,
547 2104 697 2168 magnam
722 2083 842 2167 populo
865 2081 1011 2148 Romano
1040 2083 1161 2147 cladem
1183 2083 1300 2148 attulit.

125 2190 178 2254 Ea
199 2186 327 2274 pugna8
349 2189 567 2254 Romanorum
589 2211 685 2254 naves
707 2189 869 2273 perierunt
891 2189 1066 2274 nonaginta
1088 2194 1166 2268 tres,
1189 2191 1301 2254 consul

126 2318 202 2362 cum
229 2296 338 2380 paucis
366 2295 472 2361 evasit.
519 2295 651 2382 Collega
674 2319 801 2381 quoque
825 2297 893 2381 ejus
916 2297 949 2361 L.
972 2295 1088 2362 Junius
1111 2301 1299 2380 tempestate

126 2405 262 2470 classem
289 2403 408 2483 amisit,
435 2425 508 2468 cum
538 2403 685 2488 auspiciis
713 2427 777 2470 uon
804 2404 968 2488 paruisset
1019 2403 1199 2469 Parendum
1225 2427 1299 2489 pro-

125 2511 210 2575 fecto
242 2509 390 2595 religioni
422 2510 484 2575 fuit
515 2533 573 2576 nec
604 2510 726 2604 patrius
757 2531 827 2575 mos
859 2513 925 2576 tam
953 2512 1181 2576 contumaciter
1207 2533 1299 2596 repu-
1318 2523 1354 2580 20

126 2615 287 2682 diandus4.
340 2616 418 2681 Jure
455 2617 556 2702 igitur
588 2618 669 2682 alter
701 2619 812 2683 consul
843 2619 954 2701 populi
981 2617 1100 2703 judicio
1133 2619 1299 2683 damnatus

126 2727 189 2802 est,
231 2723 311 2789 alter
352 2731 488 2789 mortem
530 2723 592 2790 sibi
634 2725 701 2809 ipse
739 2723 921 2792 conscivitl.
982 2725 1065 2790 Tum
1103 2725 1300 2791 Hamilcar

125 2831 267 2896 Bareas
299 2830 478 2896 Poenorum
516 2831 578 2895 dux
615 2831 649 2895 in
681 2830 822 2896 Siciliam
860 2831 975 2897 missus
1010 2835 1070 2916 est,
1110 2832 1177 2916 qui,
1215 2831 1300 2917 Lily·

105 2936 242 3001 ·baeum
272 2936 424 3002 Romanis
461 2942 546 3002 terra
581 2939 725 3023 marique
762 2939 993 3017 obsidentibus,
1029 2944 1153 3022 partem
1189 2941 1299 3006 classis

123 3065 203 3108 suae
240 3044 351 3127 procul
389 3049 544 3109 armatam
579 3045 674 3129 jussit
712 3046 844 3112 ostendi.
899 3045 950 3111 Ad
989 3047 1056 3130 ejus
1094 3051 1297 3131 conspectum
1315 3058 1350 3112 25

124 3172 200 3215 cum
232 3151 409 3216 evolassent
436 3151 585 3231 Romani,
616 3153 684 3236 ipse
711 3152 854 3236 reliquis,
887 3174 966 3236 quas
993 3151 1028 3216 in
1055 3154 1181 3218 occulto
1209 3159 1298 3219 tenu·

124 3255 228 3335 erat⁰,
265 3258 398 3323 navibus
429 3258 573 3343 Lilybaei
609 3263 738 3342 portum
770 3259 944 3342 occupavit
999 3259 1115 3324 Postea
1143 3259 1301 3344 Erycem

122 3364 238 3428 urbem
261 3365 343 3448 cepit
366 3387 498 3450 eamque
521 3366 670 3431 adversus
692 3366 854 3431 Romanos
877 3365 1057 3431 obsidentes
1080 3366 1227 3434 defendit.

171 3530 201 3588 9.
251 3523 358 3590 Rebus
391 3525 501 3590 deinde
533 3527 682 3591 adversus
711 3526 835 3591 Poenos
867 3549 886 3590 a
918 3526 1135 3609 compluribus
1167 3528 1298 3593 ducibus

122 3651 276 3715 prospere
302 3631 433 3717 gestis¹,
463 3631 494 3700 C.
517 3632 693 3699 Lutatius
721 3633 878 3699 Catulus
906 3634 1018 3699 consul
1049 3636 1178 3699 tandem
1209 3635 1296 3700 bello
1315 3643 1350 3697 30

121 3737 223 3801 finem
259 3737 425 3822 imposuit,
464 3761 536 3804 cum
574 3739 821 3826 quadringentas
857 3739 1036 3806 Poenorum
1074 3763 1182 3819 naves,
1221 3764 1298 3826 quas

122 3844 354 3911 commeatibus
386 3851 418 3911 et
451 3846 521 3912 aliis
554 3846 702 3912 oneribus
733 3847 900 3930 impeditas
934 3846 1070 3912 Hanno
1101 3848 1135 3912 in
1158 3847 1298 3914 Siciliam

123 3951 290 4032 ducebat„
303 3953 387 4036 apud
409 3953 581 4038 Aegates
607 3954 753 4019 insulas
781 3953 934 4037 depressit
961 3958 1017 4019 aut
1045 3954 1138 4039 cepit.
1183 3954 1298 4020 Pacem

122 4058 307 4142 petentibus
322 4060 383 4124 hac
406 4059 605 4126 conditione’
628 4057 814 4125 concessit⁸z
837 4059 947 4126 Sicilia
970 4061 1145 4145 ceterisque
1167 4058 1298 4126 insulis⁴

120 4167 210 4230 intra
237 4164 364 4231 Italiam
387 4165 593 4252 Africamque
621 4165 837 4244 decederent⁶3
864 4165 1041 4252 Hispania4
1069 4168 1148 4231 citra
1170 4165 1297 4231 Iberum
1316 4175 1351 4230 35

119 4271 258 4338 fluvium
286 4273 493 4352 abstinerent3
521 4273 609 4338 mille
636 4274 756 4339 talenta
782 4274 903 4353 statim,
931 4273 1043 4340 deinde
1070 4273 1216 4356 proximo
1244 4274 1296 4338 de-

122 4379 238 4446 cennio
262 4380 325 4446 duo
348 4379 438 4444 milia
461 4381 595 4445 ducenta
616 4381 796 4464 penderent

1100 4484 1137 4538 9*
