3074 4934
559 615 610 681 21.
654 615 846 700 Dionysius
869 612 996 698 major.
1042 614 1133 702 (ΠΙ)

306 798 334 858 1.
381 792 516 876 Aliquot
547 791 636 856 armis
667 791 856 875 postquam1
888 791 1098 858 Athenienses
1134 793 1207 858 victi
1239 798 1324 878 sunt,
1360 794 1435 860 Oar-

260 899 484 984 thaginienses,
506 899 609 981 specie
632 896 743 962 auxilii
758 897 938 982 Segestanis
961 898 1090 979 ferendi,
1113 919 1186 963 cum
1207 900 1331 986 ingenti
1347 924 1435 967 exer-

261 1007 327 1072 citu
349 1005 383 1070 in
406 1005 545 1071 Siciliam
568 1004 790 1069 transmittunt
813 1026 849 1069 ao
872 1003 1074 1070 Selinuntem
1097 1009 1129 1070 et
1152 1005 1315 1071 Himeram
1338 1009 1436 1073 urbes

224 1113 404 1191 5diruunt,
436 1111 546 1176 deinde
576 1110 819 1196 Agrigentinos,
847 1112 991 1195 quamvis
1019 1135 1038 1176 a
1066 1110 1270 1196 Syracusanis
1298 1115 1436 1198 adjutos,

259 1219 372 1284 urbem
400 1241 490 1284 suam
517 1217 693 1302 relinquere
717 1221 843 1303 cogrmt.
888 1217 938 1282 Ea
960 1217 1198 1304 opportunitate
1220 1220 1333 1285 callide
1358 1245 1436 1286 usus

259 1326 481 1410 Dionysius,
513 1325 588 1388 dum
620 1329 739 1389 ceteros
767 1326 861 1390 duces
889 1323 1109 1405 criminaturl,
1141 1324 1302 1412 Syracusis
1329 1350 1437 1393 rerum

259 1433 391 1516 potitur.
438 1430 517 1496 Cum
540 1431 854 1516 Carthaginiensibus
882 1454 993 1516 paoem
1020 1433 1066 1497 ita
1095 1433 1184 1510 facit,
1211 1438 1248 1499 ut
1270 1433 1436 1500 Himeram

261 1543 293 1604 et
324 1539 537 1625 Agrigentum
576 1541 607 1602 et
645 1537 798 1623 quidquid
832 1539 1025 1603 occidentem
1057 1561 1166 1604 versus
1199 1538 1265 1605 1118
1297 1545 1436 1621 teneant,

207 1647 328 1728 reipsa
351 1645 514 1730 Syracusis
536 1649 656 1730 regnet.

349 1753 482 1818 Factum
506 1755 572 1817 erat
594 1751 763 1836 augurium
785 1751 819 1815 in
841 1749 1016 1836 Dionysio4
1038 1753 1134 1835 paulo
1163 1756 1236 1817 ante
1265 1775 1362 1837 quam
1387 1777 1435 1819 re·

259 1881 358 1946 gnare
381 1857 511 1944 coepit⁵.
559 1858 621 1935 Qui
652 1856 744 1923 cum⁶
775 1880 833 1942 per
864 1879 976 1943 agrum
999 1858 1188 1924 Leontinum
1219 1860 1281 1924 iter
1312 1859 1433 1926 faciens

260 1988 378 2050 equum
399 1966 467 2050 ipse
490 1965 666 2030 demisisset
687 1965 722 2028 in
743 1963 870 2044 fiumen,
893 1965 1074 2030 submersus
1095 1987 1193 2050 equus
1208 1966 1436 2052 voraginibus⁷

259 2095 325 2138 non
364 2072 496 2150 exstitit3
535 2094 630 2156 quem
667 2093 740 2136 cum
777 2071 917 2136 maxima
951 2071 1153 2137 contentione
1184 2094 1248 2136 non
1279 2073 1437 2156 potuisset

208 2190 241 2245 15
261 2181 443 2259 extrahere,
481 2179 623 2244 discessit
660 2199 754 2262 aegre
791 2178 904 2245 ferens,
959 2177 1040 2243 (lum
1078 2183 1185 2244 autem
1218 2179 1436 2264 aliquantum8

258 2309 447 2374 progressus
490 2290 584 2364 esset,
626 2285 731 2350 subito
769 2285 931 2350 exaudivit
967 2285 1127 2350 hinnitum
1164 2285 1367 2370 respexitque
1407 2293 1436 2352 et

260 2417 377 2480 equum
409 2394 544 2458 alacrem
575 2393 679 2457 laetus
710 2391 846 2475 aspexit,
878 2391 967 2475 cujus
999 2391 1033 2455 in
1062 2391 1141 2476 juba
1174 2414 1304 2457 examen
1338 2417 1436 2479 apum

260 2498 471 2566 consederat
523 2498 614 2576 Quod
647 2501 806 2563 ostentum
837 2498 951 2562 habuit
977 2497 1060 2563 hanc
1086 2498 1165 2579 vim,
1196 2503 1234 2563 ut
1261 2499 1435 2586 Dionysius

259 2607 368 2693 paucis
391 2609 466 2689 post
488 2606 598 2670 diebus
620 2626 754 2690 regnare
777 2603 957 2689 coeperit¹⁰.

205 2793 241 2850 20
307 2793 337 2850 2.
383 2784 479 2850 Hand
506 2783 609 2847 multo
637 2786 710 2867 post
737 2805 775 2848 ex
802 2783 935 2848 assiduis
958 2781 1266 2868 Carthaginiensium
1288 2784 1436 2868 injuriisl

259 2893 380 2958 bellum
403 2894 547 2956 renatum
570 2892 631 2969 est,
660 2890 694 2953 in
717 2911 780 2974 quo
804 2894 835 2954 et
858 2889 914 2954 diu
937 2893 969 2954 et
990 2890 1080 2955 varia
1101 2890 1235 2954 victoria
1257 2897 1436 2976 pugnatum

260 3004 317 3064 est.
363 2997 448 3062 Cum.
467 2997 620 3076 Himilco,
647 2996 829 3062 Poenorum
855 2997 1040 3080 imperator,
1066 2997 1185 3062 multas
1208 2995 1337 3062 Siciliae
1361 3000 1436 3064 oiri-

258 3110 341 3173 tates
380 3105 514 3190 cepisset
551 3107 646 3189 atque
678 3103 848 3188 Syracusas
887 3103 1058 3182 obsideret,
1095 3109 1224 3189 repente
1255 3105 1437 3189 pestilentis

260 3213 371 3278 sideris
398 3211 431 3277 vi
458 3211 631 3276 exercitum
658 3209 771 3275 amisit.
816 3209 939 3274 Deinde
963 3209 1145 3294 Dionysius,
1173 3214 1205 3275 et
1231 3214 1268 3275 ut
1295 3211 1437 3276 militum

187 3327 239 3382 ·25
258 3321 340 3385 vires
369 3319 519 3385 continuo
543 3317 652 3382 labore
675 3315 894 3394 acuerentur²,
923 3320 956 3381 11
977 3317 1068 3403 regni
1090 3317 1168 3381 fines
1190 3317 1438 3402 proferrentur²,

258 3427 364 3511 copias
401 3426 435 3490 in
466 3424 599 3490 Italiam·
630 3424 763 3508 trajecit.
817 3423 1018 3508 Expugnatis
1049 3421 1224 3508 Rheginis⁸
1262 3428 1294 3488 et
1325 3424 1436 3490 Locris

259 3530 478 3599 Crotoniatas8
502 3531 694 3618 aggreditur.
733 3529 795 3596 Sed
817 3530 851 3594 in
872 3529 1012 3596 Siciliam
1036 3552 1107 3594 eum
1130 3531 1282 3596 adventus
1303 3530 1436 3596 Sartha-

258 3639 449 3726 giniensium
480 3638 653 3716 revocavit,
684 3637 739 3721 qui
765 3639 912 3722 reparato
936 3637 1076 3702 exercitu
1097 3637 1231 3715 bellum,
1255 3639 1342 3722 quod
1364 3637 1437 3703 lue*

259 3747 469 3822 deseruerant,
494 3745 594 3810 auctis
616 3743 737 3808 viribus
759 3744 964 3810 renovabant.
1003 3742 1072 3810 Nec
1094 3744 1196 3809 multo
1219 3748 1294 3828 post
1314 3745 1436 3830 Diony·

206 3861 242 3918 30
261 3855 325 3920 sius
348 3853 450 3918 rictus
472 3874 582 3936 paoem
605 3851 682 3916 fecit
703 3851 820 3936 iniquis
844 3849 1104 3917 conditionibus⁶.

348 3959 424 4025 Fuit
439 3959 611 4045 Dionysius
628 3962 659 4024 et
673 3981 770 4024 manu
785 3957 898 4024 fortis⁶
914 3963 945 4024 et
964 3959 1043 4024 belli
1064 3958 1186 4042 peritus
1211 3963 1250 4036 et,
1274 3958 1307 4023 id
1330 3959 1437 4044 quod⁷

257 4067 291 4132 in
314 4072 451 4154 tyranno
474 4088 538 4130 non
560 4067 655 4132 facile
677 4065 860 4150 reperitur⁸,
883 4066 1013 4130 minime
1035 4065 1231 4150 libidinosus,
1255 4087 1321 4130 non
1345 4066 1436 4130 luxu-

257 4175 375 4252 riosus,
398 4195 464 4239 non
487 4195 613 4252 avarus,
635 4173 754 4238 nullius
777 4173 912 4258 denique
935 4173 982 4236 rei
1006 4172 1138 4256 cupidus
1161 4171 1243 4236 11ιὶ9
1265 4172 1436 4256 singularis

256 4281 464 4365 perpetuique
478 4279 610 4364 imperii,
627 4279 669 4344 ob
686 4301 817 4365 eamque
832 4301 900 4346 rem
916 4279 1060 4344 crudelis.
1098 4278 1185 4345 Nam
1206 4279 1281 4344 dum
1300 4300 1435 4364 regnum

204 4397 239 4451 35
258 4383 413 4452 studuit¹⁰
435 4386 567 4465 munire,
589 4385 708 4450 nullius
730 4386 871 4470 pepercit
893 4385 986 4466 vitae,
1009 4407 1104 4470 quem
1127 4386 1195 4470 ejus
1217 4385 1436 4450 insidiatorem
