3100 4936
679 279 740 344 151

16 537 18 556 >
117 461 242 542 praesto
282 456 365 540 apud
396 478 447 521 me
480 479 547 522 esse
580 457 682 541 ajunt3
720 464 846 544 egomet
878 459 1027 526 convivas
1059 482 1177 527 moror.
1233 462 1292 528 Ibo

118 563 194 627 adeo
217 562 293 627 hinc
314 563 408 627 intro.

413 757 533 824 Scena
555 757 595 824 ΙΙ.
642 759 798 826 Chremes.
844 759 995 845 Clitipho.

162 881 232 949 Otr.
277 882 340 948 Sed
381 883 458 967 quid
499 889 688 968 crepuerunt
725 885 810 951 fores
849 885 923 950 hinc
961 909 980 952 a
1017 886 1090 954 me?
1132 884 1291 964 Quisnam

116 989 297 1076 egreditur?
334 990 406 1054 Huc
429 1012 611 1056 concessero
636 994 776 1075 (cecedit).
1310 1003 1328 1057 5

164 1094 235 1162 Clit.
282 1097 328 1182 (in
356 1097 473 1170 limine,
506 1099 657 1161 introrsus
685 1099 819 1183 loquens)
846 1099 939 1165 Nihil
967 1105 1014 1166 est
1042 1102 1128 1185 quod
1155 1122 1291 1180 vereare,

115 1201 231 1281 Clinia3
264 1225 338 1268 cave
361 1204 466 1283 mod0,
493 1225 533 1268 ne
555 1203 637 1269 forte
661 1205 731 1289 quis
754 1209 786 1270 te
809 1205 916 1272 videat
938 1206 990 1272 hio
1013 1231 1032 1272 a
1053 1213 1145 1290 patre
1176 1208 1292 1274 exiens.

163 1308 234 1374 Cdr.
281 1308 415 1387 Quicum
437 1309 580 1395 loquitur
601 1310 707 1376 filius?

164 1415 232 1483 Cur
278 1418 323 1498 (in
351 1437 469 1480 scenam
495 1418 654 1502 prodiens)
682 1417 779 1483 Pater
806 1419 907 1499 adest,
935 1441 1031 1504 quem
1059 1420 1159 1498 volui}
1186 1419 1291 1486 adibo.

115 1525 220 1605 Pater,
244 1528 421 1608 opportune
444 1523 582 1589 advenis.
747 1523 817 1590 Cur.
865 1523 948 1602 Quid
971 1530 1039 1592 est?
1312 1536 1348 1592 10

16 1617 17 1622 ἵ
164 1629 231 1696 Clio.
278 1630 371 1696 Hunc
394 1629 614 1694 Menedemum
636 1631 760 1712 nostin',
782 1635 925 1696 nostrum
947 1631 1106 1699 vicinum?

163 1736 233 1804 Clu.
279 1737 392 1804 Probe.
558 1735 625 1802 Gur.
671 1737 756 1804 Huic
778 1739 880 1804 filium
903 1739 963 1804 scis
987 1743 1076 1805 esse?

163 1843 232 1910 Cor.
280 1843 403 1924 Audivi,
427 1865 494 1910 esse
517 1845 550 1909 in
573 1845 660 1911 Asia.

163 1949 232 2029 Clit.
278 1950 353 2017 Non
376 1955 432 2030 est,
455 1955 559 2036 pater;
582 1953 666 2036 apud
688 1957 827 2018 nos'sst.
966 1950 1034 2020 Gur.
1080 1953 1163 2032 Quid
1186 1953 1255 2020 ais?

163 2057 233 2123 Clu
280 2057 523 2139 Aduenientem,
567 2079 584 2123 e
621 2059 695 2124 navi
733 2059 946 2144 egredientem
982 2059 1056 2124 ilico
1095 2059 1212 2124 abduxi
1250 2059 1345 2124 ad15

112 2187 239 2244 oenam3
272 2187 347 2230 nam
378 2165 458 2229 mihi
489 2185 607 2251 magna
638 2187 710 2231 curn
742 2187 779 2230 eo
808 2165 876 2250 jam
906 2166 979 2231 inde
1011 2189 1031 2231 a
1060 2166 1197 2250 pueritia
1227 2165 1291 2232 fuit

112 2295 238 2356 semper
259 2271 468 2339 familiaritas,

162 2378 232 2445 Cdr.
278 2377 485 2464 Voluptatem
512 2400 663 2464 magnam
691 2379 826 2446 nuntias.
872 2377 976 2456 Quam
1002 2379 1118 2444 vellem
1140 2379 1290 2444 Menede-

113 2509 202 2552 mum
229 2486 399 2552 invitatum
422 2486 570 2572 amplius,
597 2491 633 2552 ut
655 2487 822 2552 nobiscum
846 2491 942 2568 esset,
970 2490 1007 2551 ut
1028 2486 1110 2552 hano
1133 2486 1290 2552 laetitiam

16 2635 17 2660 1
112 2593 315 2677 necopinanti
341 2592 462 2677 primus
491 2593 659 2677 objicerem
683 2593 769 2658 domi
791 2615 888 2660 meae.
934 2591 1041 2678 Atque
1063 2593 1170 2658 hercle
1193 2593 1289 2658 etiam
1308 2600 1346 2656 20

16 2719 17 2778 T
113 2721 198 2765 nunc
221 2705 348 2784 tempus
372 2705 427 2765 est

163 2805 234 2872 Cur.
281 2807 362 2872 Cave
385 2805 480 2870 faxis!
646 2804 715 2871 car.
763 2805 984 2892 Quapropter?

164 2913 233 2980 Clu.
280 2911 361 2990 Quia
383 2912 476 2976 timet
497 2913 598 2996 patris
621 2913 711 2978 iram.
896 2911 964 2980 Gur.
1010 2911 1093 2991 Quid
1115 2915 1246 2978 namot?

164 3017 233 3084 Clio.
281 3018 362 3096 Quid
384 3019 461 3084 ille?
484 3019 634 3084 miserum
657 3041 690 3085 se
713 3041 789 3086 esse.
955 3017 1024 3084 on.
1070 3017 1247 3084 Miserum?

164 3123 233 3190 Clit.
281 3125 364 3191 Sane
400 3125 456 3190 illc
493 3126 557 3190 fuit
594 3148 689 3191 scncx
725 3125 926 3210 importunus
965 3147 1102 3210 semper,
1141 3130 1173 3190 et
1203 3146 1289 3190 nunc
1308 3134 1343 3188 25

112 3233 197 3297 nihil
229 3233 331 3318 magis
358 3253 482 3312 vereor,
514 3254 609 3317 quam
636 3255 676 3298 ne
704 3233 781 3317 quid
806 3232 840 3296 iu
866 3231 959 3295 illum
985 3231 1085 3296 iratus
1111 3229 1184 3314 plus
1212 3229 1291 3296 satis

113 3340 205 3420 faxit,
227 3344 325 3424 pater.

164 3445 235 3512 θὴν.
281 3446 402 3513 lllene?
426 3483 470 3495 -
493 3447 548 3511 sed
570 3447 741 3531 reprimam
763 3466 828 3524 me3
850 3467 925 3511 nam
947 3445 981 3509 in
1003 3447 1091 3509 metu
1114 3465 1182 3510 esse
1204 3443 1292 3510 hunc

113 3557 164 3620 est
185 3554 273 3619 utile.
439 3551 508 3618 Geir.
555 3553 637 3632 Quid
659 3557 728 3619 tute
750 3557 877 3620 tecum?

164 3659 234 3725 cur.
281 3661 401 3728 Dicam.
456 3660 541 3727 Utut
572 3665 653 3741 erat,
690 3681 837 3725 mansum
867 3664 974 3725 tamen
1006 3657 1156 3744 oportuit.
1211 3656 1292 3723 For·
1310 3665 1346 3722 30

113 3773 200 3833 tasse
232 3767 431 3852 aliquantum
462 3767 602 3862 iniquior
634 3770 702 3831 erat
728 3771 831 3850 pater:
863 3771 1031 3850 pateretur.
1081 3763 1168 3831 Nam
1196 3785 1292 3848 quem

114 3874 224 3954 ferret,
252 3875 280 3938 si
302 3879 466 3958 parentem
488 3896 554 3940 non
576 3874 672 3939 ferret
695 3895 796 3940 suum.
841 3873 885 3938 Et
907 3873 992 3958 quod
1014 3873 1107 3937 illum
1129 3870 1292 3937 insimulat

115 3981 243 4061 durum,
270 3981 304 4045 id
331 4003 397 4046 non
420 3985 475 4046 est.
521 3981 622 4046 Recte
645 4001 720 4046 sane
742 3984 889 4064 parentes
912 3983 1058 4044 coercent
1079 3979 1221 4044 liliorum
1242 3981 1291 4042 te·

115 4087 308 4168 meritatem,
335 4091 372 4152 ut
400 4109 509 4153 eorum
532 4087 654 4152 animos
677 4087 718 4152 ad
739 4086 891 4151 virtutem
914 4085 1120 4151 conforment.
1166 4083 1290 4150 Verum

116 4194 172 4259 ubi
210 4196 308 4260 semel
339 4194 462 4260 animus
494 4195 580 4258 mala
612 4193 785 4278 cupiditate
817 4215 851 4258 se
883 4191 1036 4274 devinxit,
1073 4213 1200 4257 neeesse
1232 4193 1289 4271 est,
1307 4198 1342 4254 35

116 4299 271 4386 Clitipho,
300 4301 432 4366 consilia
460 4300 612 4386 consequi
639 4299 823 4366 consimilia.
875 4299 998 4366 Scitum
1026 4302 1087 4379 est,
1113 4297 1291 4384 periculum

116 4429 155 4472 ex
177 4407 249 4473 aliis
272 4407 385 4489 facere,
408 4408 469 4473 tibi
491 4407 569 4491 quid
593 4429 631 4472 ex
653 4430 714 4473 usu
737 4407 786 4473 sit
