3074 4934
856 267 897 327 90

289 465 358 528 que.
413 443 516 508 Multa
547 443 640 506 cedro
672 440 835 505 aedificata
868 444 935 504 erat
966 438 1068 524 regia,
1100 457 1182 522 quae
1213 438 1358 503 celeriter
1387 438 1459 522 igne

289 547 460 634 concepto⁸
481 550 545 614 late
568 547 680 614 effudit
702 547 890 612 incendium.

333 717 384 777 35.
429 709 656 795 Supplemento
684 728 839 772 novorum
867 729 883 771 e
907 705 1018 771 Cilicia
1045 705 1183 770 militum
1211 709 1323 769 auctus
1349 705 1458 768 itinere

287 817 458 882 converso²
489 816 623 881 Darium
653 813 799 899 persequi
832 813 952 878 statuit.
1006 811 1037 877 ls
1065 813 1134 896 jam
1165 811 1359 878 Ecbatana
1390 831 1457 893 per-

250 927 415 988 5venerat
447 925 543 1007 caput
574 920 733 997 Mediae3
764 920 838 984 inde
871 919 910 984 ad
943 919 1095 1003 oppidum
1126 917 1242 984 Bactra
1273 919 1457 983 contendere

286 1031 475 1104 decreverat.
530 1026 569 1092 In
606 1049 644 1092 eo
682 1027 794 1091 itinere
826 1025 965 1091 Bessus
1004 1030 1036 1090 et
1066 1023 1269 1091 Nabarzanes
1307 1024 1458 1109 praefecti

284 1156 393 1221 regem
416 1157 509 1200 suum
531 1157 589 1219 per
610 1131 775 1199 fraudem²
798 1132 1062 1217 comprehendere
1078 1137 1110 1196 et
1125 1131 1243 1196 vincire
1258 1132 1458 1196 decreverant

285 1263 321 1306 eo
350 1241 478 1326 quidem
506 1241 654 1319 consilio,
685 1246 734 1318 ut,
761 1240 790 1304 si
816 1239 997 1304 Alexander
1023 1239 1109 1323 ipsos
1138 1247 1322 1304 consecutus
1349 1235 1457 1316 esset⁸,

284 1347 401 1412 tradito
429 1368 504 1432 rege
534 1346 627 1413 vivo*
649 1347 766 1412 inirent
788 1347 925 1431 gratiam
947 1345 1089 1424 victoris,
1116 1345 1166 1410 sin
1189 1351 1295 1410 autem
1317 1367 1391 1409 eum
1414 1345 1457 1409 ef·

232 1464 265 1520 10
283 1452 413 1538 fugere⁶
440 1452 651 1537 potuissentl,
682 1453 848 1518 interfecto
876 1451 994 1518 Dario⁰
1020 1473 1154 1537 regnum
1180 1452 1242 1536 ipsi
1269 1457 1458 1535 occuparent

282 1560 465 1645 bellumque
491 1566 689 1626 renovarent.
734 1559 809 1626 Jam
835 1580 900 1624 nox
928 1560 1110 1644 appetebat,
1138 1581 1209 1624 cum
1231 1558 1347 1624 Persae
1370 1581 1457 1623 more

249 1678 265 1708 ⁴
283 1666 398 1732 solitc⁷
421 1667 517 1732 armis
539 1667 652 1752 pusilis
675 1668 715 1732 ad
737 1666 932 1732 frumentum
954 1689 992 1731 ex
1012 1666 1157 1749 proximo
1177 1665 1249 1730 vico
1264 1664 1457 1730 afferendum

281 1775 469 1840 discurrunt.
514 1773 560 1838 At
587 1773 762 1851 Bactriani,
789 1777 826 1837 ut
852 1772 1041 1856 imperatum
1068 1795 1088 1837 a
1110 1772 1208 1836 Besso
1237 1776 1317 1845 erat,
1344 1773 1457 1837 armati

281 1881 416 1960 stabant,
455 1880 538 1946 Tum
559 1903 615 1946 rex
637 1881 671 1944 in
685 1879 889 1946 tabernaculo
905 1879 1149 1963 comprehensus
1156 1877 1176 1958 ⁸,
1192 1878 1336 1962 captivus
1350 1899 1456 1942 servo·

229 1997 262 2052 16
280 2009 353 2052 rum
379 2009 524 2067 suorum,
550 1989 584 2052 in
612 1987 774 2054 sordidum
801 1985 981 2050 vehiculum
1008 1986 1145 2070 pellibus
1170 1985 1310 2069 undique
1335 1988 1453 2050 tectum

279 2093 461 2178 imponitur.
499 2095 547 2160 Ut
568 2099 676 2159 tamen
697 2094 800 2158 honos
821 2093 891 2178 regi
910 2092 1108 2170 haberetur⁹,
1131 2092 1235 2158 aureis
1250 2092 1453 2176 compedibus
1521 2111 1522 2164 1

279 2223 352 2266 eum
374 2201 517 2266 vinciunt
538 2202 712 2286 fugamque
734 2200 910 2266 intendunt

325 2365 376 2426 36.
422 2361 617 2440 Alexander,
644 2360 772 2426 auditol
796 2361 928 2426 Darium
951 2357 1106 2424 movisse²
1129 2357 1168 2423 ab
1191 2357 1377 2436 Ecbatanis,
1404 2357 1452 2422 su-

279 2465 420 2550 gientem
447 2467 572 2552 insequi
598 2467 704 2552 pergit
732 2473 867 2533 strenue.
918 2465 1116 2552 Transfugae
1143 2463 1304 2544 nuntiant,
1332 2465 1451 2549 praeci·

224 2579 260 2637 20
278 2569 396 2656 pitem⁸
422 2573 500 2658 fuga
524 2573 640 2638 Bactra
665 2577 772 2658 petere
794 2574 936 2640 Darium.
983 2573 1123 2639 Certiora
1150 2569 1261 2638 deinde
1288 2572 1452 2658 cognoscit
1520 2603 1521 2666 ,

279 2701 317 2742 ex
331 2677 511 2764 Babylonio
535 2679 682 2763 quodam,
704 2679 737 2744 in
759 2681 900 2764 periculo
916 2680 1027 2745 mortis
1043 2701 1110 2746 esse
1124 2701 1241 2765 regem,
1264 2677 1451 2744 affirmante.

243 2783 380 2862 *Quam
415 2785 560 2852 maximis
591 2787 690 2872 igitur
721 2785 846 2871 potest⁴
877 2787 1043 2852 itineribus
1075 2787 1196 2852 diurnis
1227 2785 1453 2870 nocturnisque

244 2892 323 2956 *ire
362 2893 523 2958 contendit
554 2891 760 2978 pervenitque
791 2895 822 2958 in
854 2894 972 2974 vicum,
1009 2894 1044 2958 in
1075 2916 1137 2979 quo
1170 2891 1303 2960 Darium
1334 2889 1451 2959 Bessus

277 2999 564 3083 comprehenderat.
603 3000 760 3086 Fatigatis
782 3002 959 3066 necessaria
981 3002 1071 3086 quies
1086 3005 1163 3066 erat.
1206 3001 1252 3066 At
1267 3001 1451 3086 transfugae

223 3106 475 3181 renuntiabant,
500 3107 602 3172 stadia
624 3107 655 3172 D
679 3105 787 3172 abesse
809 3107 931 3187 Persas,
953 3107 1039 3192 ipsos
1062 3107 1187 3174 brevius
1209 3107 1270 3173 iter
1292 3113 1449 3173 monstra·
1519 3129 1520 3140 ¹

241 3216 373 3278 *turos
427 3209 540 3298 Itaque
577 3214 681 3300 primo
719 3214 868 3299 vespere⁶
899 3237 971 3280 cum
1003 3214 1148 3300 expedita
1180 3215 1323 3300 equitum
1354 3238 1450 3280 manu

275 3324 483 3386 monstratam
506 3321 591 3386 viam
612 3317 798 3407 ingreditur,
820 3322 980 3408 phalange
1001 3345 1096 3408 quam
1112 3321 1274 3388 celerrime
1289 3327 1450 3407 sequente.

241 3423 430 3493 *Trecenta
472 3426 593 3492 stadia⁶
634 3431 865 3513 processerant,
908 3451 980 3493 cum
1022 3429 1160 3495 occurrit
1201 3427 1322 3494 Mazaei
1365 3429 1449 3494 filius

275 3531 438 3611 nuntians,
470 3531 604 3599 Bessum
634 3533 721 3599 haud
753 3533 887 3619 amplius
919 3557 1015 3620 quam
1042 3533 1091 3601 CO
1119 3533 1240 3600 stadia⁰
1267 3535 1391 3613 abesse;
1423 3537 1451 3600 si

241 3635 469 3717 *festinarent
493 3639 785 3724 comprehensuros3
809 3641 943 3707 Darium
966 3641 1068 3707 adhuc
1090 3643 1203 3708 vivere.
1248 3641 1361 3728 Itaque
1384 3643 1449 3708 cal-
1518 3651 1519 3710 i

242 3750 257 3779 ⁴*
275 3741 399 3807 caribus
437 3745 571 3811 subditis
603 3751 841 3832 persequuntur.
895 3747 1032 3834 Jamque
1064 3749 1223 3834 conspecti
1254 3771 1273 3813 a
1304 3747 1448 3814 barbaris

201 3888 203 3912 .
275 3853 376 3928 erant,
409 3853 441 3914 et
472 3851 656 3918 abeuntium
687 3875 801 3940 agmen
833 3861 1068 3942 conspexerant.
1117 3855 1329 3942 Nequaquam
1356 3877 1447 3940 pares

272 3955 415 4036 fuissent,
438 3957 466 4021 si
480 3956 598 4024 Besso⁷
620 3963 746 4026 tantum
768 3961 884 4026 animi⁸
904 3963 1016 4028 fuisset
1031 3963 1071 4028 ad
1085 3963 1249 4047 proelium,
1273 3962 1447 4050 quantum⁹

274 4063 314 4127 ad
339 4061 543 4148 parricidium
569 4065 686 4145 fuerat3
718 4090 793 4132 nam
820 4073 852 4134 et
881 4091 1011 4134 numero
1038 4069 1167 4136 barbari
1189 4069 1392 4154 praestabant
1415 4075 1446 4134 et

240 4175 255 4206 ⁴
273 4169 396 4236 robore.
452 4169 513 4236 Sed
544 4192 660 4236 nomen
691 4173 865 4239 Alexandri
898 4179 929 4239 et
960 4175 1058 4254 fama,
1096 4198 1176 4261 quae
1208 4175 1382 4260 plurimum
1413 4177 1446 4240 in
1517 4157 1518 4204 ἦ

272 4273 358 4339 bello
385 4275 482 4358 velet,
514 4277 645 4362 pavido·
673 4279 706 4344 in
732 4281 845 4366 sugam
871 4281 993 4346 avertit.
1045 4281 1160 4348 Bessus
1187 4305 1261 4348 vero
1290 4289 1322 4348 et
1350 4283 1446 4348 ceteri

272 4379 420 4446 facinoris
444 4385 512 4467 ejus
534 4383 748 4468 participesffl,
770 4387 949 4453 vehiculum
964 4387 1053 4452 Darii
1076 4391 1220 4464 assecuti,
1240 4387 1445 4474 coeperunt¹¹
