3074 4934
642 251 704 311 13?

90 421 166 506 apud
192 421 342 504 Nolam,
375 420 565 506 Campaniae
596 424 762 508 oppidum,
795 428 906 488 contra
933 422 1147 487 Hannibalem
1178 423 1259 487 bene

89 529 244 613 pugnavit.
290 529 330 614 (a
355 529 442 614 215.)

171 635 221 700 Eo
252 641 395 719 ternpore
423 657 495 700 cum
522 659 577 700 rex
605 638 816 704 Macedbnum
843 637 1010 721 Philippus
1038 658 1109 701 curn
1137 635 1259 701 Hanni·

88 742 155 807 bale
181 743 292 808 foedus
319 743 444 808 fecisset
470 743 649 829 legatisque
676 745 781 810 missis
809 743 927 809 auxilia
954 744 1166 828 promitteret,
1193 741 1259 807 Ro·

89 849 170 913 mani
200 849 242 915 M.
279 848 439 915 Valerium
471 851 644 916 Laevinum
682 856 863 934 praetorem
899 851 934 914 in
965 849 1182 915 Macedoniam
1213 849 1296 914 ireb

87 956 255 1038 jusserunt,
284 956 317 1020 in
346 955 522 1022 Sardiniam
550 958 586 1024 Τ.
614 958 770 1024 Manlium
799 957 998 1042 Torquatum
1025 957 1260 1042 proconsulem3

90 1085 159 1126 nam
196 1064 291 1128 etiam
324 1085 361 1129 ea
392 1065 564 1129 sollicitata
596 1065 636 1130 ab
668 1065 848 1129 Hannibale
879 1065 1040 1130 Romanos
1074 1065 1260 1129 deseruerat.

91 1167 136 1232 Ita
164 1191 228 1234 uno
260 1173 403 1254 tempore
437 1176 587 1256 quattuor
613 1171 691 1236 locis
718 1172 936 1256 pugnabatur:
969 1171 1002 1235 in
1030 1169 1124 1235 ltalia
1151 1175 1261 1236 contra

92 1275 347 1357 Hannibalems
337 1299 370 1341 ιιι
393 1277 557 1362 Hispaniis
580 1280 655 1342 cont
656 1301 690 1343 ra
640 1278 895 1342 tfratrem
868 1300 935 1361 eyus
957 1276 1236 1356 Hasdrubalems
1226 1301 1261 1341 ιιι

94 1382 272 1448 Macedonia
309 1390 420 1450 contra
450 1385 649 1468 Philippum
686 1385 720 1448 in
751 1384 897 1450 Sardinia
935 1389 1045 1449 contra
1076 1383 1191 1450 Sardos
1229 1389 1261 1450 et
1280 1388 1316 1444 10

95 1489 223 1554 alterum
245 1489 478 1556 Hasdrubalem
502 1491 803 1576 Carthaginiensem

135 1655 162 1715 9
207 1650 311 1715 Duml
338 1649 500 1716 Hannibal
533 1652 616 1716 circa
642 1650 817 1716 Tarentum
843 1657 999 1730 versatur,
1031 1651 1238 1716 Marcellus
1228 1676 1263 1716 m

96 1755 228 1822 Siciliam
259 1758 420 1842 profectus
448 1758 619 1842 Syracusas
651 1762 736 1822 terra
767 1757 910 1842 marique
937 1779 1121 1842 oppugnare
1149 1760 1263 1842 coepit,

96 1864 145 1928 sed
170 1864 236 1948 ejus
262 1864 399 1949 impetus
426 1864 625 1929 Archimedis
654 1865 802 1948 operibus
829 1864 1089 1948 reprimebantur.
1139 1863 1176 1929 In
1204 1865 1299 1929 Hi·*

97 1970 199 2052 spania
230 1969 401 2054 Scipiones,
433 1971 489 2056 qui
520 1993 577 2054 per
607 1973 725 2036 multos
757 1992 856 2036 annos
889 1971 1024 2035 victores
1055 1971 1189 2051 fuerant,
1221 1973 1262 2037 ab
1283 1975 1316 2030 15

96 2074 289 2142 Hasdrubale
312 2077 517 2141 circumventi
539 2076 783 2153 interficiuntur;
813 2077 968 2140 exercitus
990 2080 1097 2140 tamen
1120 2077 1263 2163 integer²

97 2184 212 2248 mansit.
262 2183 472 2268 Syracusae
500 2185 611 2249 deinde
638 2188 749 2268 captae
777 2188 851 2248 sunt
879 2206 898 2248 a
924 2183 1077 2249 Marcello
1106 2185 1145 2269 (a.
1175 2185 1263 2269 212.)

99 2288 154 2365 Qui
183 2311 254 2355 cum
292 2290 464 2355 delectatus
503 2291 618 2355 eximia
649 2290 849 2354 Archimedis
880 2291 1061 2372 prudentia,
1098 2293 1136 2354 ut
1167 2290 1264 2374 capiti

16 2381 17 2410 ³
97 2396 177 2463 illius
201 2395 416 2482 parceretur³,
444 2397 606 2476 edixisset,
632 2396 820 2481 permoleste
847 2396 936 2475 tulit,
964 2419 1036 2461 cum
1063 2397 1264 2462 interfectum

99 2505 236 2570 audisset.
281 2503 313 2569 Is
329 2505 413 2569 enim
429 2505 502 2569 dum
520 2505 625 2568 animo
649 2509 680 2569 et
703 2504 802 2568 oculis
824 2503 858 2568 in
881 2507 965 2568 terra
989 2502 1120 2570 defixis⁴
1143 2505 1264 2570 formas
1282 2512 1318 2569 99

99 2610 271 2690 describitl,
303 2610 413 2689 militi,
445 2611 500 2694 qui
532 2611 704 2694 praedandi
736 2632 830 2676 causa
860 2611 892 2675 in
925 2609 1074 2676 (Ιοιιιιιιιιθ
1107 2611 1265 2696 irruperat

99 2717 262 2802 strictoque
300 2739 395 2801 super
433 2722 529 2801 caput
559 2717 682 2802 gladio,
715 2717 863 2802 quisnam
896 2718 1006 2796 esset⁷,
1037 2719 1265 2803 interrogabat,

98 2845 204 2889 nornen
225 2847 318 2889 suum
332 2846 396 2888 non
418 2824 577 2902 indicavit,
600 2824 655 2888 sed
678 2829 822 2908 protecto
846 2825 990 2888 manibus
1013 2825 1155 2908 pulvere:
1179 2824 1265 2903 Noli,

98 2928 206 3014 inquit,
234 2931 374 3010 obsecro,
397 2930 531 2995 circulor
554 2953 642 2995 meos
666 2929 874 2995 disturbare⁸l
903 2953 940 2995 ac
964 2931 1170 2995 obtruncatus
1193 2953 1264 2996 san-

99 3037 186 3120 guine
213 3058 270 3102 suo
294 3037 370 3102 artis
393 3059 468 3102 suae
490 3037 681 3102 lineamenta
704 3037 855 3102 confudit.
901 3037 1072 3122 Syracusas
1095 3037 1264 3102 Marcellus
1283 3043 1320 3098 25

98 3142 263 3208 incolumes
284 3143 434 3222 servavit3
457 3143 656 3209 Archimedis
672 3144 840 3227 sphaeram
856 3166 894 3208 ex
917 3143 996 3208 urbe
1018 3143 1265 3227 locupletissima

100 3253 187 3334 atque
218 3251 418 3328 ornatissima
449 3251 590 3330 sustulit,
621 3250 713 3315 cum⁹
740 3251 827 3315 aliud
854 3251 936 3315 nihil
963 3273 1002 3315 ex
1028 3253 1119 3314 tanta
1148 3251 1265 3332 praeda

100 3357 219 3423 domum
242 3380 332 3423 suam
355 3358 540 3442 deportavit.

140 3523 187 3585 10.
233 3519 269 3584 P.
292 3518 447 3603 Sulpicio,
475 3518 530 3584 Cn.
554 3518 667 3582 Fulvio
691 3539 770 3582 coss.
794 3519 835 3603 (a.
860 3518 936 3602 211)
976 3516 1140 3581 Hannibal
1162 3537 1264 3601 usque

100 3624 135 3688 od
164 3631 310 3710 quartum
340 3627 511 3691 miliarium
541 3625 630 3690 urbis
662 3625 805 3703 accessit,
843 3623 964 3708 equites
997 3623 1064 3707 ejus
1093 3645 1194 3708 usque
1226 3623 1266 3686 ad
1284 3627 1320 3683 30

100 3737 208 3812 portas.
256 3733 335 3798 Mox
368 3734 532 3798 consulum
564 3731 684 3813 mecu1,
716 3753 789 3796 cum
822 3731 962 3796 exercitu
993 3730 1201 3809 venientium,
1231 3729 1265 3794 in

102 3834 309 3924 Campaniam,
347 3839 419 3904 inde
457 3841 497 3904 ad
529 3839 689 3924 Rhegium
726 3838 863 3903 recessit.
917 3835 1065 3900 Fulvium
1103 3836 1266 3902 consulem

103 3942 205 4010 deinde
226 3947 333 4012 subito
357 3967 526 4031 aggressus
549 3967 620 4010 cum
644 3949 715 4010 octo
738 3945 868 4009 milibus
891 3941 1077 4008 hominurn*
1099 3941 1265 4008 interfecit

181 4051 305 4118 Interea
331 4053 366 4116 in
392 4051 564 4136 Hispanias
592 4051 627 4116 P.
655 4049 861 4116 Cornelius
889 4048 1018 4133 Scipio
1045 4048 1154 4114 Publii
1180 4048 1265 4112 lilius

105 4176 192 4224 annos
218 4163 312 4226 natus
340 4163 492 4244 quattuor
515 4161 547 4222 et
569 4157 684 4242 viginti
707 4179 726 4222 a
747 4157 867 4241 populo
890 4160 1014 4222 creatus
1037 4177 1109 4221 cum
1130 4153 1265 4238 imperio
1284 4161 1320 4216 35

104 4261 238 4334 mittitur.
275 4265 308 4331 ls
330 4264 423 4330 Ibero
445 4261 600 4349 trajecto⁸
623 4263 849 4347 Carthaginem
871 4285 988 4328 novam
1011 4261 1102 4345 capit,
1122 4259 1265 4326 Hasdru·

104 4365 197 4437 balam
242 4375 282 4440 ad
319 4372 522 4438 Baeculam
567 4370 667 4436 vincit
712 4373 752 4457 (a.
793 4371 885 4457 209),
927 4369 982 4454 qui
1023 4368 1096 4433 inde
1138 4367 1265 4453 fugiens
