3074 4934
641 246 681 305 89

84 415 189 482 Graeci
211 418 251 482 ad
274 422 425 502 quattuor
446 417 536 484 milia
557 418 636 497 fere,
662 439 742 502 quos
764 417 879 482 Persae
902 417 997 482 variis
1020 419 1246 503 suppliciorum

84 523 247 610 generibus
270 525 453 602 affecerant3
485 524 638 590 aliorum⁷
661 525 766 609 pedes,
794 523 927 590 aliorum
953 546 1065 600 manus
1093 547 1247 610 auresque
1266 533 1281 563 *

84 634 259 714 amputatae
282 636 371 696 erant
392 631 578 715 inustaeque
600 631 807 696 barbararum
826 629 1005 695 litterarum
1019 630 1140 698 notae⁸.
1178 631 1248 697 Rex
1269 639 1284 669 ³

84 737 235 818 abstersis,
262 759 341 821 quas
369 737 563 821 profuderat,
590 737 727 802 lacrimis
750 737 870 802 bonum
893 759 946 802 eos
969 737 1085 802 habere
1108 738 1249 803 animum

81 845 182 928 jubet,
208 843 352 909 visuros⁹
378 845 472 910 urbes
500 867 573 910 suas
600 845 812 930 conjugesque
841 849 873 909 et
894 841 1052 909 liberosffl.
1098 843 1284 908 cumillis

84 955 231 1036 peterent,
253 951 291 1016 ut
313 951 455 1035 aliquam
477 951 539 1016 sibi
562 951 749 1018 attribueret
771 951 806 1015 in
826 950 904 1016 Asia
919 951 1033 1030 sedem,
1055 955 1147 1016 terna
1161 951 1249 1015 milia
1267 958 1283 988 ⁴*

85 1056 277 1121 denarium¹1
304 1057 438 1142 singulis
466 1058 535 1122 dari
557 1057 667 1142 jussit,
694 1057 792 1122 denae
819 1062 922 1123 vestes
951 1057 1090 1142 adjectae
1113 1063 1195 1138 sunt,
1219 1063 1250 1122 et

86 1167 221 1228 armenta
244 1185 316 1227 eum
337 1163 505 1248 pecoribus
528 1187 565 1229 ac
587 1165 747 1229 frumento
772 1165 854 1243 data,
875 1169 912 1229 ut
935 1163 998 1228 coli
1020 1165 1145 1248 serique
1161 1165 1249 1228 attri-

85 1270 176 1334 butus
198 1269 237 1334 iis
260 1291 335 1355 ager
357 1276 472 1354 posset.

127 1473 177 1532 33.
223 1465 360 1550 Jamque
392 1466 519 1531 barbari
552 1467 676 1531 deserto
708 1467 837 1551 oppido,
870 1490 932 1551 qua
964 1489 1121 1552 quemque
1148 1471 1252 1531 metus
1272 1473 1305 1528 10

87 1572 204 1657 agebat,
228 1572 429 1658 diffugerant,
452 1595 524 1637 cum
546 1595 601 1636 rex
624 1571 817 1659 phalangem
839 1573 919 1637 nihil
943 1578 1108 1639 cunctatus
1123 1574 1252 1638 inducit.

88 1678 200 1743 Multas
238 1678 332 1743 urbes
368 1679 501 1744 refertas
541 1678 702 1762 opulentia
739 1679 828 1764 regia
859 1679 977 1764 partim
1009 1669 1252 1764 expugnaverat,

88 1784 197 1867 partim
228 1785 263 1849 in
293 1785 387 1850 fidem
419 1789 595 1871 acceperat,
627 1785 682 1850 sed
713 1785 801 1850 urbis
833 1785 929 1870 hujus
956 1785 1084 1851 divitiae
1111 1786 1253 1851 vicenmt

88 1892 252 1974 praeterita
284 1891 416 1958 omnia1.
460 1891 498 1957 In
525 1893 608 1956 hanc
638 1892 737 1957 totius
760 1891 899 1983 Persidis
927 1915 1002 1977 opes
1030 1897 1254 1978 congesserant

88 1998 217 2076 barbari,
241 2020 353 2062 aurum
375 2003 604 2083 argentumque
627 1997 823 2062 cumulatum
844 2003 919 2078 erat,
942 1997 1307 2083 vestis2ingensco-1s

88 2105 148 2186 pia,
179 2105 323 2190 supellex
354 2127 420 2170 non
451 2106 490 2170 ad
521 2128 614 2172 usum
641 2106 697 2170 sed
724 2106 764 2169 ad
792 2106 1037 2170 ostentationem
1064 2110 1254 2190 comparata.
1274 2113 1290 2143 ⁴

90 2210 193 2296 ltaque
219 2212 304 2276 inter
329 2212 416 2296 ipsos
443 2213 578 2277 victores
605 2213 689 2277 ferro
714 2211 936 2290 dimicabatur,
964 2209 1042 2295 pro⁸
1065 2211 1155 2276 hoste
1179 2215 1253 2286 erat,

92 2319 139 2402 qui
169 2319 386 2402 pretiosiorem
413 2324 621 2402 occupaverat
646 2319 805 2403 praedam.
854 2317 968 2402 Neque
995 2317 1117 2383 minore
1145 2319 1254 2382 crude-

104 2424 173 2490 ‘tate
211 2447 307 2510 quam
344 2425 476 2490 avaritia
506 2429 669 2510 tamquam
700 2425 734 2490 in
767 2430 859 2508 capta
890 2425 968 2489 urbe
1000 2424 1137 2510 grassati
1168 2429 1255 2502 sunt;

92 2554 161 2596 auro
192 2537 388 2618 argentoque
421 2532 525 2597 onusti
552 2532 629 2596 vilia
656 2533 854 2616 captivorum
882 2553 1015 2616 corpora
1042 2531 1253 2596 trucidabant.
1274 2537 1309 2595 20

93 2637 179 2703 Multi
209 2639 321 2724 igitur,
353 2645 390 2706 ut
420 2639 561 2704 hostium
588 2661 700 2704 manus
729 2638 935 2724 effugerent4,
967 2640 1005 2703 de
1031 2639 1130 2702 muris
1158 2643 1256 2702 semet

92 2745 170 2827 ipsos
197 2769 270 2811 cum
292 2745 479 2831 conjugibus
502 2768 540 2810 ac
562 2745 671 2811 liberis
694 2745 886 2830 dejecerunt;
918 2746 1048 2830 quidam
1069 2745 1159 2830 ignes
1182 2745 1255 2808 sub·

22 2851 23 2856 ’
91 2852 227 2933 jecerunt
249 2854 387 2931 aedibus,
409 2857 446 2916 ut
469 2875 540 2918 cum
563 2854 628 2918 suis
650 2852 715 2916 vivi
738 2857 959 2918 cremarentur.

22 3047 23 3054 '
136 3054 182 3113 34.
227 3047 273 3113 At
295 3071 351 3112 rex
372 3049 510 3112 maxima
532 3049 631 3113 animi
652 3048 765 3126 bona1,
786 3047 877 3112 illam
898 3046 1047 3113 indolem.
1071 3069 1134 3132 qua
1156 3045 1256 3110 omni·
1275 3053 1290 3087 *

22 3205 23 3238 2
94 3152 147 3218 bus
168 3156 297 3240 regibus
312 3155 481 3220 antecessit
487 3154 508 3234 2,
531 3155 621 3220 illam
636 3155 670 3218 in
685 3155 857 3219 subeundis
872 3155 1022 3238 periculis
1038 3153 1256 3230 constantiam,
1274 3160 1309 3213 25

94 3257 122 3322 in
143 3262 234 3326 rebus
256 3262 424 3327 moliendis
447 3262 681 3346 efficiendisque
702 3261 914 3341 velocitatem,
936 3259 990 3324 in8
1013 3260 1133 3325 deditos
1153 3259 1256 3338 fidem,

94 3365 141 3428 in³
167 3368 306 3452 captivos
334 3369 546 3447 clementiam,
576 3369 609 3432 in
636 3368 855 3452 voluptatibus
882 3367 1043 3451 permissis
1070 3387 1196 3450 quoque
1225 3368 1257 3429 et

94 3475 211 3540 usitatis
238 3475 491 3560 temperantiam,
518 3475 604 3541 haud
630 3473 791 3540 tolerabili
817 3473 884 3537 vini
911 3473 1082 3557 cupiditate
1109 3472 1256 3538 foedavit.

94 3579 137 3644 De
166 3581 236 3646 die⁴
267 3581 370 3646 inibat
401 3583 555 3662 convivia,
588 3581 704 3666 quibus
736 3580 873 3657 feminae
899 3581 1081 3645 intererant.
1130 3579 1181 3644 Ex
1207 3579 1257 3644 his

94 3708 160 3766 una,
179 3689 276 3754 Thais
298 3689 434 3768 nomine,
456 3689 626 3754 maximam
641 3710 713 3754 eum
729 3689 813 3774 apud
829 3709 938 3752 omnes
955 3686 1091 3752 Graecos
1105 3687 1258 3752 initurum
1275 3691 1311 3748 30

95 3795 242 3877 gratiam⁶
269 3795 420 3875 affirmat,
448 3795 475 3860 si
501 3796 623 3881 regiam
649 3795 818 3860 Persarum
842 3792 1009 3879 jussisset⁶
1036 3793 1172 3869 incendi;
1205 3815 1257 3856 ex·

97 3907 230 3983 spectare
251 3903 313 3968 hoc
336 3924 399 3981 eos,
423 3925 557 3988 quorum
580 3903 675 3967 urbes
697 3903 824 3967 barbari
848 3901 1012 3966 delessent.
1050 3899 1167 3964 Ebriee
1188 3920 1258 3961 mu-

96 4005 160 4073 lieri
186 4033 257 4076 cum
282 4032 365 4074 unus
393 4014 425 4075 et
452 4009 543 4089 alter,
575 4009 636 4094 ipsi
663 4008 736 4073 vino
765 4008 894 4084 onerati,
923 4007 1161 4082 assentirentur,
1189 4026 1258 4068 rex:

99 4112 191 4190 Quinl
222 4117 333 4204 igitur,
364 4117 481 4203 inquit,
512 4117 694 4181 ulciscimur
722 4113 887 4180 Graeciam
915 4119 947 4178 et
973 4114 1044 4178 urbi
1072 4113 1156 4176 faces
1184 4112 1258 4176 sub·

100 4217 210 4290 dimus?
243 4224 385 4310 Surgunt
411 4223 578 4289 temulenti
600 4243 708 4288 omnes
732 4222 771 4285 ad
794 4220 1020 4296 incendendam
1042 4219 1167 4295 urbem;
1194 4219 1259 4302 pri·
1277 4225 1311 4279 85

100 4346 162 4394 nus
182 4354 235 4396 rex
258 4333 365 4418 ignem
387 4332 493 4418 regiae
514 4330 631 4414 injecit,
653 4334 722 4394 turn
745 4328 894 4392 convivae
918 4331 950 4392 et
972 4324 1108 4390 ministri
1128 4324 1259 4408 pelices·
1330 4411 1332 4416 Ι
