3074 4934
641 255 702 316 107

135 433 185 495 dl.
233 427 328 493 Haud
372 428 475 493 multo
520 432 594 513 post
638 427 802 493 Nearchus
848 433 879 494 et
924 427 1119 494 Onesicritus
1164 429 1259 494 litora
1277 437 1292 470 ’¹²

97 535 209 600 Rubri
239 534 354 599 maris
387 535 529 620 legentes
557 533 652 598 cum1
683 535 717 598 in
748 534 912 619 regionem
941 533 1124 601 Carmaniae
1156 535 1259 600 venis·

95 647 167 721 sent,
188 641 308 707 relictis
330 641 465 706 navibus
488 642 528 707 ad
550 661 658 726 regern
681 640 877 708 ascendunbl.
922 641 1081 707 Nuntiaut
1105 643 1259 726 quaedam

94 749 202 828 audita,
235 749 300 813 alia
327 747 529 832 comperta⁸.'
556 747 697 814 Insulam
729 749 810 814 ostio
844 750 944 813 amnis
977 749 1150 833 subjectam
1181 769 1259 814 auro

94 853 279 933 abundare⁴;
310 852 459 940 plenum⁶
486 877 554 921 esse
585 855 750 922 beluarum
783 877 882 934 mare,
914 860 1005 921 aestu
1027 855 1183 921 secundo⁶
1206 865 1294 920 east

93 962 162 1028 ferri
193 983 380 1048 magnarum
411 963 541 1028 navium
579 985 712 1047 corpora
750 961 953 1048 aequantes⁷;
991 962 1134 1028 Rubrum
1172 983 1261 1027 mare

93 1091 150 1134 uon
173 1091 193 1134 a
216 1070 321 1134 colore
344 1070 514 1149 undarum,
536 1074 573 1135 ut
595 1069 738 1154 plerique
761 1069 956 1148 crederent⁸,
980 1071 1035 1134 sed
1057 1070 1099 1134 ab
1121 1069 1259 1154 Erythro

94 1197 161 1262 rege
193 1175 361 1260 appellari;
399 1197 466 1240 esse
497 1176 582 1240 haud
613 1176 726 1260 procul
749 1197 768 1240 a
791 1175 965 1242 continenti
986 1175 1124 1240 insulam
1145 1176 1294 1261 palmis*

94 1283 251 1362 consitam,
282 1283 315 1347 in
342 1283 447 1347 medio
474 1283 542 1348 fere
571 1305 700 1348 nemore
732 1284 913 1348 columnam
945 1283 1096 1361 eminere,
1128 1283 1259 1367 Erythri

94 1390 171 1475 regis
217 1394 471 1469 monumentum,
516 1390 631 1454 litteris
675 1391 781 1475 gentis
828 1391 894 1474 ejus
938 1389 1132 1474 inscriptam.
1182 1389 1313 1468 Rex,10

93 1495 299 1581 cognoscendi
335 1496 452 1578 plura⁰
491 1497 663 1581 cupiditate
700 1517 868 1576 accensus,
905 1517 1014 1561 rursus
1053 1517 1107 1561 eos
1144 1500 1261 1561 terram

22 1679 23 1682 Ἴ
94 1603 195 1688 legere
214 1601 319 1686 jussit,
342 1604 441 1668 donec
465 1605 505 1667 ad
526 1603 701 1687 Euphratis
723 1603 841 1668 ostium
863 1603 1059 1688 appellerent
1081 1599 1261 1678 classem²⁰;

22 1751 23 1768 ι
93 1709 160 1775 inde
186 1709 319 1774 aduerso
348 1707 473 1773 amne¹l
496 1709 694 1794 Babylonem
716 1709 867 1776 subirent.
912 1709 985 1794 Ipse
1008 1709 1114 1774 animo
1137 1709 1262 1773 infinita

95 1815 307 1901 complexus¹²
346 1820 510 1895 statuerat,
548 1817 635 1880 omni
666 1817 706 1880 ad
739 1816 900 1882 Orientem
937 1816 1096 1880 maritima
1132 1815 1261 1901 regione

93 1923 272 2006 perdomita,
305 1943 342 1985 ax
365 1921 457 2006 Syria
479 1925 585 2005 petere
608 1922 760 2008 Africam,
793 1921 981 2008 Carthagini
1003 1922 1157 2000 infensus,
1188 1921 1261 1986 inde
1282 1932 1315 1985 15

93 2029 258 2095 Numidiae
296 2029 519 2094 solitudinibus
550 2029 726 2114 peragratis
759 2051 886 2094 currum
918 2027 1020 2094 Gades
1052 2029 1187 2114 dirigere
1220 2067 1261 2077 -

94 2159 162 2201 nam
184 2136 231 2201 ibi
254 2124 417 2201 columnus
437 2135 584 2200 Herculis
607 2159 674 2201 esse
697 2136 784 2200 fama
807 2139 933 2200 erat-
948 2135 1119 2220 Hispaniae
1143 2136 1263 2214 deinde,
1282 2145 1297 2175 *

94 2243 218 2328 quam13
249 2241 386 2309 Iberiam
419 2243 531 2308 Graeci
562 2267 581 2308 a
611 2243 740 2308 flumine
777 2243 869 2308 Ibero
906 2244 1070 2321 vocabant,
1108 2243 1194 2308 adire
1232 2246 1263 2307 et

22 2395 23 2436 3
94 2351 287 2434 praetervehi
320 2349 416 2435 Alpes
453 2349 627 2436 Italiaeque
666 2372 768 2430 oram,
805 2351 888 2415 unde
920 2350 954 2414 in
985 2349 1120 2435 Epirum
1157 2349 1263 2414 brevis

22 2445 23 2470 ¹
94 2479 198 2522 cursus
230 2461 286 2524 est.
336 2455 449 2541 Itaque
480 2457 728 2542 Mesopotamiae
765 2457 965 2542 praetoribus
1001 2457 1182 2540 imperavit,
1218 2461 1262 2534 ut,
1282 2445 1345 2520 20'

22 2559 24 2612 ἓ
95 2565 221 2630 materia
244 2565 278 2628 in
301 2563 422 2628 Libano
445 2569 553 2629 monte
576 2586 667 2629 caesa
695 2565 885 2649 devectaque
913 2562 992 2630 ad14
1019 2563 1132 2628 urbem
1156 2564 1264 2648 Syriae

22 2713 23 2732 ι
94 2667 296 2756 Thapsacum,
326 2671 540 2756 septingentas
567 2692 663 2735 naves
691 2671 874 2755 septiremes
902 2671 1103 2736 aedificarent
1132 2671 1263 2736 deduce-

22 2837 24 2876 }
94 2785 221 2866 rentque
253 2778 459 2866 Babylonem.
506 2779 695 2864 Cypriorum
733 2781 863 2865 regibus
900 2780 1103 2863 imperatum,
1140 2783 1178 2844 ut
1211 2801 1264 2844 aes

22 2911 23 2970 3
94 2890 298 2972 stuppamque
321 2893 352 2953 et
374 2888 446 2953 uela
467 2887 662 2972 praeberent.

136 3107 185 3166 62.
230 3099 370 3164 Ventum
393 3105 441 3164 est
464 3100 575 3165 deinde
597 3099 823 3186 Parsagada.
869 3098 1056 3184 Sepulcrum
1073 3097 1156 3183 Cyri,
1178 3099 1264 3182 quod
1282 3105 1317 3159 25

95 3205 138 3269 ibi
164 3213 244 3286 erat,
271 3206 451 3273 Alexander
474 3207 569 3292 jussit
598 3207 721 3294 aperiri.
766 3206 855 3272 Auro
884 3210 1079 3292 argentoque
1107 3205 1265 3287 repletum

95 3333 158 3378 esse
189 3314 407 3392 crediderant1,
440 3315 495 3379 sed
526 3305 659 3398 praeter
685 3313 821 3398 clipeum
853 3313 920 3397 ejus
951 3315 1076 3397 putrem
1109 3315 1141 3375 et
1173 3333 1263 3375 arcus

97 3419 170 3486 duos
201 3420 365 3505 Scythicos
398 3427 430 3486 et
462 3421 622 3486 acinacem
658 3409 755 3484 nihil
777 3423 937 3504 repertum
972 3423 1027 3482 est.
1059 3416 1298 3498 ,Alexander,*

96 3529 268 3594 senioribus
290 3529 430 3592 militum
452 3528 488 3592 in
509 3528 646 3612 patriam
668 3527 816 3606 remissis,
839 3526 989 3592 tredecim
1011 3524 1100 3589 milia
1122 3524 1266 3608 peditum

97 3637 127 3698 et
147 3635 207 3700 duo
230 3635 319 3700 milia
342 3635 493 3718 equitum,
517 3656 599 3718 quae
621 3634 654 3697 in
677 3632 758 3697 Asia
777 3630 952 3709 retinerer,
976 3630 1053 3716 eligi
1074 3629 1176 3714 presit,
1200 3632 1265 3696 exi·
1283 3637 1319 3692 30

22 3805 23 3810 ,
97 3741 235 3821 stimans,
263 3741 387 3806 modico
412 3740 551 3805 exercitu
574 3739 726 3804 contineri
750 3759 844 3824 posse
867 3736 990 3815 Asiam,
1018 3737 1093 3821 quia
1120 3738 1265 3822 pluribus

97 3845 170 3912 locis
191 3847 350 3932 praesidia
373 3847 583 3932 disposuisset
604 3867 768 3930 nuperque
791 3844 934 3911 conditas
956 3843 1052 3908 urbes
1075 3844 1194 3909 colonis
1216 3865 1265 3908 re-

97 3953 217 4035 plesset,
238 3975 428 4020 resacrare
450 3975 517 4019 non
539 3952 747 4038 cupientibus.
793 3951 840 4016 At
861 3955 898 4016 ut
920 3950 1085 4036 cognitum
1108 3953 1163 4028 est,
1186 3951 1266 4015 alios

22 4123 23 4134 ,
97 4061 210 4128 remitti
237 4061 362 4141 domos,
389 4061 471 4127 alios
492 4060 634 4144 retineri,
666 4063 850 4144 perpetuam
877 4077 951 4121 eum
978 4057 1070 4143 regni
1098 4056 1204 4121 sedem
1231 4055 1267 4120 in

22 4177 24 4224 l
98 4165 172 4232 Asia
201 4169 385 4234 habiturum
416 4189 484 4234 eme
505 4165 601 4244 rutil,
640 4165 825 4250 disciplinae
861 4163 1013 4230 militaris
1046 4161 1300 4228 immemorem*

98 4272 249 4341 aaran
278 4275 410 4340 vocibus
441 4279 545 4340 castra
576 4273 749 4357 complent,
780 4291 952 4358 regemque
983 4269 1131 4335 ferociter
1162 4267 1298 4335 adorti*

22 4335 24 4428 l
98 4399 200 4446 omnes
225 4383 320 4448 simul
351 4381 537 4449 missionem
564 4381 726 4466 postulare
755 4383 956 4464 coeperunt,
933 4377 1090 4462 ⁶palam
1123 4376 1267 4461 professi,
