3092 4938
674 253 714 312 45

153 431 181 489 3.
228 424 404 509 Postquam
431 424 626 490 indutiarum
652 423 817 508 praeteriit
844 423 923 503 dies,
951 424 1105 490 barbarus
1133 447 1198 490 non
1226 425 1282 489 du-

105 533 226 612 bitans,
260 532 344 616 quod
375 531 474 616 ipsius
507 535 597 596 erant
628 530 766 616 plurima
798 531 976 596 domicilial
1004 532 1038 596 in
1066 531 1157 597 (laria
1185 536 1217 597 et
1247 532 1301 596 ea'

105 639 195 724 regio
227 637 277 703 his
308 638 504 722 temporibus
531 637 633 702 multo
660 637 833 722 putabatur
858 636 1121 722 locupletissima,
1145 638 1222 722 quin
1245 659 1282 703 eo

106 745 308 830 potissimum
334 745 442 810 hostes
468 744 623 829 impetum
651 743 766 810 facturi
794 742 925 823 essent²,
948 766 1057 810 omnes
1080 766 1153 810 suas
1176 745 1283 829 copias

107 849 165 917 eo⁸
188 855 398 916 contraxerat.
445 850 490 915 At
506 850 676 936 Agesilaus
691 850 725 914 in
740 848 915 936 Phrygiam
931 872 965 915 se
980 851 1135 916 convertit
1151 872 1283 936 eamque
1302 861 1318 914 5

107 957 194 1042 prins
217 958 425 1042 depopulatus
448 961 505 1036 est,
528 979 625 1041 quam
647 955 875 1040 Tissaphernes
898 979 1035 1040 usquam
1058 979 1091 1022 se
1114 957 1283 1023 moveret4.

108 1065 228 1150 Magna
250 1065 367 1149 praeda
389 1064 545 1130 militibus
567 1063 778 1147 locupletatis,
801 1063 965 1147 Ephesum
986 1063 1180 1130 hiematuml
1196 1087 1283 1131 exer·

106 1171 206 1236 eitum
232 1171 356 1236 reduxit
383 1175 478 1256 atque
505 1171 552 1236 ibi
574 1170 710 1236 officinis
733 1191 893 1235 armorum
915 1171 1070 1237 institutis
1093 1193 1213 1258 magna
1236 1173 1284 1237 in·

107 1277 228 1344 dustria
254 1278 376 1343 bellum
403 1278 574 1363 apparavit.
620 1277 664 1342 Et
692 1275 775 1362 quo⁶
798 1277 969 1344 studiosius
994 1279 1213 1344 armarentur⁷
1237 1279 1284 1344 in·

106 1385 292 1470 signiusque
320 1385 535 1465 omarentnrl,
562 1385 703 1470 praemia
725 1385 899 1470 proposuit,
926 1385 1041 1470 quibus
1065 1387 1257 1452 donarentur
1265 1385 1285 1465 ⁸,
1306 1392 1339 1448 10

108 1513 247 1575 quorum
262 1492 389 1577 egregia
403 1492 437 1556 in
453 1514 490 1558 ea
509 1515 543 1558 re
563 1490 696 1557 fuisset⁹
717 1491 881 1559 industria.
920 1491 1009 1557 Fecit
1032 1493 1117 1560 idem
1138 1493 1173 1558 in
1196 1515 1286 1558 exer·

109 1599 298 1664 citationum
335 1599 511 1684 generibus,
542 1596 622 1679 ut²⁰,
654 1597 710 1684 qui
742 1598 853 1664 ceteris
885 1599 1157 1682 praestitissent11,
1198 1599 1286 1666 e0s¹²

108 1706 234 1791 magnis
266 1703 440 1770 afficeret²8
471 1706 662 1772 muneribus.
707 1704 767 1770 His
795 1705 893 1791 igitur
919 1706 1013 1771 rebus
1043 1707 1161 1786 effecit,
1188 1711 1225 1772 ut
1254 1711 1287 1771 et

108 1811 345 1878 ornatissimum
383 1816 415 1876 et
447 1809 776 1877 exercitatissimum²⁴
808 1811 939 1878 haberet
972 1813 1152 1878 exercitum.
1207 1812 1286 1879 Cum

107 1924 234 2004 tempus
267 1923 348 1984 esset
379 1919 482 1984 visum
514 1919 621 2003 copias
648 1917 848 1983 extrahere²⁶
876 1941 915 1983 ex
941 1918 1098 1999 hibernis,
1125 1919 1217 2000 vidit,
1247 1920 1282 1998 si,
1304 1925 1335 1978 15

106 2047 175 2111 quo
199 2029 281 2090 esset
303 2025 364 2089 iter
386 2024 538 2104 facturus,
561 2025 668 2108 palam
690 2023 968 2108 pronuntiassem,
991 2025 1098 2090 hostes
1126 2048 1191 2090 non
1220 2048 1286 2091 cre·

107 2133 231 2198 dituros
259 2131 400 2215 aliasque
427 2131 573 2216 regiones
601 2130 765 2215 praesidiis
793 2136 1001 2215 occupaturos
1028 2154 1131 2216 neque
1163 2132 1286 2198 dubita·

106 2245 209 2317 turos,
233 2238 309 2323 quin
332 2239 420 2303 aliud
442 2244 525 2304 esset
547 2237 689 2303 facturus
711 2236 783 2302 ac¹⁷
806 2238 1048 2322 pronuntiasset.
1079 2238 1191 2322 Itaque
1214 2261 1288 2304 cum

107 2347 167 2412 ille
189 2345 303 2412 Sardes
334 2347 454 2410 iturum
485 2368 518 2410 se
551 2346 690 2425 dixisset,
720 2344 946 2428 Tissaphernes
974 2343 1139 2410 eandem¹⁸
1163 2345 1286 2412 Cariam

108 2454 340 2520 defendendam
376 2453 507 2537 putavit.
554 2452 592 2517 In
630 2474 694 2537 quo
733 2474 806 2516 cum
844 2474 916 2517 eum
948 2452 1055 2537 opinio
1088 2453 1288 2519 fefellisset¹⁹
1306 2457 1340 2513 20

107 2562 293 2645 victumque
325 2582 358 2624 se
389 2559 520 2624 vidisset
547 2559 692 2638 consilio,
720 2580 791 2624 sero
819 2559 883 2624 suis
911 2557 1101 2643 praesidiolo
1128 2560 1288 2645 profectus

109 2674 166 2735 est.
213 2667 299 2733 Nam
331 2689 429 2751 quum
460 2666 517 2730 illo
546 2666 696 2746 venisset,
716 2666 784 2750 jam
807 2666 978 2751 Agesilaus
1001 2667 1111 2732 multis
1133 2667 1213 2732 locis
1236 2690 1287 2732 ex·

108 2774 260 2861 pugnatis
267 2773 295 2810 ²¹
310 2795 428 2858 magna
443 2777 511 2838 erat
526 2773 643 2856 praeda
657 2772 788 2856 potitus.
826 2772 909 2838 hacc
933 2777 1040 2838 autem
1064 2795 1137 2838 cum
1159 2774 1288 2854 videret,

109 2883 219 2947 hostes
247 2880 391 2965 equitatu
419 2878 609 2965 superarell,
636 2901 800 2964 nunquam
826 2879 861 2943 in
888 2901 1000 2964 campo
1029 2880 1078 2944 sui
1099 2880 1175 2946 fecit
1197 2885 1288 2964 pote·

111 2985 261 3064 statem²8
290 2992 321 3052 et
348 2987 393 3052 eis
421 2987 499 3052 locis
526 3009 656 3051 manum
684 2987 856 3065 conseruit,
889 2987 1004 3071 quibus
1031 2987 1103 3072 plus
1129 2988 1289 3071 pedestres
1308 2991 1342 3046 25

110 3095 221 3180 copiae
259 3091 443 3160 valerent²⁴.
488 3091 567 3157 Acie
604 3091 793 3158 instructa²⁵
825 3093 986 3158 dimicavit
1018 3093 1059 3158 ad
1090 3092 1289 3158 Pactolum

111 3199 257 3278 fluvium,
290 3220 352 3282 quo
383 3199 505 3283 proelio
537 3198 640 3264 multo
672 3199 809 3282 majores
841 3199 1093 3264 adversariorum
1121 3199 1226 3282 copias
1255 3199 1289 3262 in

112 3307 224 3393 frigam
251 3305 394 3390 conjecit.
439 3305 584 3390 Denique
612 3305 658 3370 sic
685 3305 719 3369 in
742 3304 821 3370 Asia
843 3309 987 3370 versatus
1011 3309 1066 3383 est,
1089 3309 1126 3369 ut
1149 3305 1290 3369 omnium

113 3414 261 3499 opinione
284 3413 387 3478 victor
410 3413 585 3478 duceretur.

160 3617 188 3675 4.
234 3608 314 3674 Cum
336 3609 405 3692 jam
433 3608 537 3672 animo
565 3607 769 3674 meditaretur
791 3607 949 3693 proficisci
975 3607 1009 3672 in
1031 3605 1165 3672 Persas1
1188 3610 1221 3671 et
1242 3606 1289 3691 ip·
1309 3613 1343 3668 30

114 3737 187 3779 sum
216 3736 326 3802 regem
353 3716 483 3796 adoriri,
510 3715 660 3780 nuntius²
683 3715 712 3780 ei
741 3715 836 3781 domo
859 3715 946 3780 venit
969 3714 1162 3798 ephororum
1183 3713 1290 3790 missu,

115 3822 236 3888 bellum
258 3823 468 3889 Athenienses
496 3826 529 3888 et
550 3822 690 3888 Boeotos
716 3822 863 3888 intulisse
886 3821 1155 3900 Lacedaemoniis;
1194 3841 1291 3904 quare

114 3929 223 3994 venire
253 3953 294 3994 ne
328 3927 514 3996 dubitaretss.
560 3928 598 3994 ln
629 3926 709 3993 hoo*
740 3950 805 3994 non
837 3927 941 3992 minus
971 3928 1037 4011 ejus
1065 3928 1165 4013 pietas
1188 3925 1289 4010 suspi·
1347 3979 1349 3985 .

115 4034 227 4100 cienda
257 4039 313 4116 est,
345 4059 442 4120 quam
474 4036 574 4102 virtus
605 4035 728 4100 bellica.
774 4033 837 4112 Qui
868 4032 960 4100 euml
988 4034 1100 4099 victori
1131 4035 1290 4118 praeesset

117 4142 268 4208 exercitui
282 4143 516 4227 maximamque
531 4141 665 4208 haberet
679 4141 827 4207 fiduciam
841 4139 934 4226 regni
942 4140 1110 4206 Persarum
1122 4138 1291 4222 potiundi⁰‚
1310 4145 1344 4200 35

116 4251 209 4313 tanta
234 4250 389 4316 modestia
411 4249 497 4316 dicto
520 4250 650 4316 audiens
672 4249 736 4316 fuit
758 4247 962 4314 absentibusl
984 4245 1232 4332 magistratibus,
1255 4250 1291 4311 ut

117 4352 156 4419 si
175 4355 309 4438 privatus
332 4357 366 4424 in
389 4356 519 4424 comitio
544 4361 626 4424 esset
651 4355 792 4441 Spartae.
831 4354 926 4439 Cujus
948 4352 1126 4438 exemplum
1148 4351 1291 4419 utinam⁸
