3074 4934
828 229 890 289 104

268 404 314 470 tis
343 403 456 468 deinde
483 407 515 468 et
540 401 774 486 impedimentis
800 406 885 467 terra
912 401 1002 486 sequi
1024 400 1134 484 jussis,
1161 402 1298 466 secundo
1321 401 1439 466 amne¹²

270 510 409 576 defluxit.

235 679 252 714 *
317 677 367 736 57.
415 669 608 735 Perventum
646 671 713 733 erat
750 668 784 732 in
822 668 997 754 regionem,
1039 668 1073 732 in
1110 690 1174 752 qua
1211 667 1377 753 Hydaspes
1413 673 1440 732 et

236 777 452 844 *Acesines
485 798 591 840 amnes
625 774 794 840 confluunt.
844 774 930 839 Hinc
961 774 1097 840 decurrit
1124 774 1157 839 in
1185 774 1263 839 fines
1291 773 1440 852 Siborum,

235 885 325 970 *qui
359 906 397 949 ex
421 882 568 946 Herculis
597 881 736 946 exercitu
762 881 899 965 majores
922 903 995 945 suos
1019 903 1085 946 esse
1106 879 1296 965 praedicant.
1342 880 1440 945 Pelles

236 992 408 1056 *ferarum
430 1011 489 1074 pro
511 992 599 1054 veste
622 992 721 1068 erant,
744 988 849 1052 clavas
872 988 1030 1072 gerebant.
1076 987 1235 1073 Egressus
1258 1010 1276 1052 e
1297 988 1373 1052 navi
1395 988 1440 1051 de·
1510 1049 1511 1090 ,

270 1098 506 1184 populatusque
532 1095 697 1181 regionem
720 1094 871 1179 oppidum
895 1115 1003 1159 eorum
1026 1116 1143 1158 corona
1166 1094 1257 1178 cepit.
1303 1095 1441 1158 Alteram

236 1203 384 1270 *deinde
406 1203 517 1267 urbem
541 1223 720 1287 expugnare
744 1206 874 1266 conatus
897 1200 1099 1265 multitudine
1123 1200 1354 1265 defendentium
1378 1201 1442 1285 pul·

273 1332 327 1376 sus
356 1309 610 1393 est-multosque
638 1307 846 1372 Macedonum
873 1307 988 1371 amisit.
1034 1306 1096 1371 Sed
1124 1329 1195 1372 cum
1221 1307 1255 1371 in
1283 1307 1442 1371 obsidione

220 1422 254 1478 10
272 1421 496 1502 perseveraret,
519 1415 670 1500 oppidani
693 1417 858 1498 desperata
879 1414 1000 1479 salute1
1016 1414 1125 1498 ignem
1142 1413 1342 1498 subjecerunt
1357 1413 1442 1479 tectis

271 1546 367 1609 seque
390 1545 427 1588 ac
449 1522 568 1588 liberos
591 1520 822 1606 conjugesque⁹
843 1521 989 1586 incendio
1013 1526 1238 1586 cremaverunt.

361 1630 437 1695 Inde
464 1633 595 1694 ventum
622 1632 669 1692 est
696 1628 730 1692 in
756 1629 918 1714 regionem
947 1627 1183 1712 Oxydracarum
1206 1628 1443 1713 Mallorumque,

273 1759 353 1821 quos
381 1736 461 1801 alias
488 1734 607 1800 bellare
634 1735 717 1799 inter
743 1756 777 1798 se
804 1732 936 1799 solitos8
963 1739 1040 1799 tnnc
1067 1734 1201 1818 periculi
1223 1734 1356 1800 societas
1376 1737 1442 1820 jun·

271 1848 368 1910 xerat.
414 1843 494 1908 Cum
516 1839 657 1926 proeli0⁴
679 1841 783 1906 victor
806 1846 895 1921 esset,
919 1842 1090 1906 exercitum
1113 1843 1153 1906 ad
1175 1842 1286 1906 urbem
1308 1842 1443 1906 hostium

237 1955 252 1986 *
274 1950 412 2016 adduxit.
457 1949 529 2032 Ipse
558 1950 596 2013 de
618 1971 724 2028 muro,
753 1970 847 2033 quem
868 1949 989 2030 primus
1012 1953 1150 2032 ceperat,
1177 1947 1210 2011 in
1233 1948 1322 2012 urbis
1345 1949 1443 2013 locum

236 2062 252 2096 *
276 2062 421 2142 apertum
436 2055 542 2120 desilit
566 2059 661 2141 atque
683 2079 765 2120 unus
789 2057 937 2120 adversus
960 2056 1079 2120 multos
1102 2055 1238 2120 dimicat.
1283 2053 1352 2120 Ubi
1374 2074 1443 2118 vero

275 2165 367 2230 obrui
404 2162 608 2228 multitudine
646 2185 679 2227 se
717 2162 810 2242 vidit,
847 2165 960 2227 trunco
993 2185 1040 2242 se,
1078 2162 1133 2246 qui
1163 2166 1293 2245 propter
1324 2182 1444 2226 murum

276 2271 395 2351 stabat,
423 2270 609 2353 applicavit3
637 2271 725 2354 cujus
753 2270 872 2334 auxilio
900 2273 988 2334 tutus
1012 2291 1084 2334 cum
1106 2269 1161 2334 diu
1182 2269 1291 2334 hostes
1315 2269 1445 2334 sustinu-

274 2377 364 2457 isset,
397 2378 525 2441 tandem
558 2376 687 2462 cognito
718 2377 860 2462 periculo
893 2376 960 2460 ejus
992 2375 1085 2440 amici
1118 2376 1157 2440 ad
1190 2398 1261 2440 eum
1294 2375 1443 2440 desiliunt.

240 2483 389 2570 *Pugna
420 2483 542 2547 tamdiu
570 2505 684 2566 anceps
711 2483 784 2562 fuit,
813 2483 919 2567 quoad
947 2484 1048 2549 omnis
1077 2483 1244 2563 exercitus,
1271 2483 1369 2547 muris
1395 2481 1444 2545 de·

242 2594 258 2628 *
273 2589 378 2675 jectis,
402 2589 519 2655 auxilio
541 2589 637 2656 venit.
674 2588 713 2653 In
736 2612 773 2654 eo
789 2588 929 2672 proelio⁴
945 2589 1064 2676 sagitta
1079 2591 1137 2655 sub
1153 2612 1291 2654 mamma
1304 2590 1443 2654 vulnera·

274 2701 326 2762 tus
355 2699 410 2761 est.
457 2695 584 2761 matio
612 2695 750 2760 vulneris
778 2697 904 2782 gravior
932 2697 1000 2780 ipso
1023 2695 1172 2761 vulnere⁵
1194 2695 1266 2762 fuit.
1313 2695 1444 2779 Corpore

275 2803 359 2868 enim
387 2804 505 2869 nudato
532 2803 646 2868 medici
674 2803 930 2868 animadvertunt
956 2804 1068 2869 hamos
1094 2803 1196 2869 inesse
1222 2804 1256 2868 in
1283 2803 1360 2882 telo,
1389 2821 1444 2864 nec

275 2889 373 2975 aliter·
398 2911 431 2974 id
463 2909 587 2975 extrahi
619 2932 724 2996 posse,
761 2933 857 2996 quam
888 2915 925 2976 ut
957 2909 1111 2977 secand0⁶
1142 2911 1257 2975 vulnus
1290 2911 1443 2994 augerent.

221 3020 255 3074 25
279 3015 444 3082 Patefacto
475 3017 571 3102 igiter
600 3016 696 3082 latius
728 3019 857 3083 vulnere
889 3021 921 3082 et
953 3017 1074 3102 spiculo
1107 3017 1228 3102 evulso,
1261 3016 1372 3102 ingens
1397 3013 1444 3078 vis

276 3123 442 3209 sanguinis
465 3145 593 3188 manare
616 3124 723 3208 coepit
744 3125 943 3209 relinquique
959 3124 1064 3189 animo
1081 3147 1137 3189 rex
1153 3128 1184 3190 et
1199 3123 1336 3210 caligine
1350 3121 1444 3188 oculis

276 3230 379 3296 offusa
402 3231 491 3296 velut
513 3231 717 3296 moribundus
741 3231 894 3296 entendi⁷.
941 3231 1083 3316 Cumque
1106 3231 1291 3316 sangumem
1317 3228 1443 3295 medica-

274 3337 392 3403 mentis
428 3337 546 3403 frustra
577 3337 789 3418 cohiberent⁸,
827 3339 946 3404 clamor
977 3343 1072 3423 atque
1103 3339 1246 3423 ploratus
1277 3338 1443 3403 amicorum

276 3443 392 3520 oritur,
414 3465 522 3528 regem
546 3444 721 3527 exspirasse
744 3445 946 3510 credentium.
992 3444 1134 3510 Tandem
1157 3444 1300 3510 constitit
1322 3441 1443 3528 sanguis

222 3553 257 3608 30
276 3549 491 3635 paulatimque
533 3550 674 3616 animum
717 3550 843 3635 recepit.
903 3551 972 3616 Rex
1015 3556 1135 3636 septem
1174 3551 1304 3616 diebus⁹
1341 3553 1442 3616 curabo

241 3660 257 3690 *
277 3656 407 3721 vulnere
433 3655 602 3722 necdum¹⁰
629 3657 767 3722 obducta
795 3657 950 3737 cicatrice,
982 3663 1019 3724 ut
1045 3659 1164 3722 famam
1190 3659 1302 3723 mortis
1331 3655 1442 3722 exstin-

275 3767 400 3850 gueret,
428 3763 550 3828 duobus
577 3764 712 3849 navigiis
736 3763 867 3848 junctis,
895 3764 992 3831 statui
1019 3764 1055 3828 in
1080 3765 1185 3830 medio
1213 3765 1352 3850 undique
1373 3784 1442 3827 con-

276 3859 422 3954 spicuum
448 3869 687 3936 tabernaculum
711 3871 820 3954 jussit,
847 3893 886 3935 ex
909 3893 972 3956 quo
995 3893 1029 3936 se
1051 3871 1231 3936 ostenderet
1254 3865 1441 3936 exercituin.

323 4038 374 4098 58.
421 4031 551 4096 Cratero
580 4031 691 4097 deinde
717 4031 854 4115 imperat
879 4053 949 4109 rex,
976 4036 1013 4096 ut
1039 4033 1125 4097 haud
1151 4033 1263 4117 procul
1290 4033 1330 4098 ab
1357 4048 1442 4094 amne

225 4140 259 4196 35
281 4137 388 4224 copies
412 4139 549 4218 duceret,
570 4138 640 4223 ipsc
663 4139 799 4204 secundo
823 4138 954 4203 flumine
977 4139 1150 4204 devehitm.
1189 4137 1242 4204 Ad
1257 4138 1441 4205 confluentes

242 4243 476 4312 *Acesinem
517 4249 549 4310 et
586 4243 717 4310 Indum
759 4244 877 4329 oppido
916 4244 1058 4326 condito,
1100 4246 1187 4331 quod
1223 4242 1441 4311 Alexandriam

278 4351 433 4435 appellari
456 4351 609 4435 jusserat,
636 4351 714 4416 lines
742 4373 866 4431 eorum,
893 4350 950 4436 qui
977 4350 1134 4418 Musicani
1162 4352 1374 4438 appellantur,
1399 4348 1439 4414 in·
