3092 4938
647 263 688 322 49

85 433 211 513 missus,
237 437 274 498 nt
300 431 423 518 Cypriis
447 437 478 498 et
501 433 714 499 Phoenicibus
737 433 910 518 ceterisque
933 435 1098 500 maritimis
1125 436 1260 502 civitati·

85 542 145 606 bus
177 563 272 606 naves
301 541 413 625 longas
440 541 609 624 imperaret
637 541 845 625 classemque,
877 563 940 625 qua
967 542 1113 626 proxima
1140 546 1260 608 aestate

85 669 171 712 mare
193 648 276 712 tueri
298 651 411 731 posset,
436 652 641 732 compararet,
665 649 739 713 dato
764 647 927 733 adjutore⁶
943 648 1158 729 Pharnabazo,
1178 650 1260 714 siout

85 755 152 837 ipse
183 753 336 818 voluerat.
382 752 493 838 ltaque
521 753 745 820 Pharnabazus
777 755 906 820 habitus
934 758 982 819 est
1007 755 1193 840 imperator,
1224 778 1259 820 re

85 860 212 944 quidem
226 881 301 924 vera
323 860 417 925 classi
438 861 576 945 praefuit
591 860 710 941 Oonon,
733 863 864 946 ejusque
886 861 1017 926 arbitrio
1041 862 1146 926 omnia
1169 867 1260 948 gesta
1278 873 1295 925 5

86 972 167 1033 sunt.
212 966 344 1032 Interim
365 969 518 1033 Pisander
540 968 805 1034 lacedaemonius
834 969 874 1034 ab
897 967 1047 1055 Agesilao
1076 991 1148 1034 cum
1171 991 1259 1034 exer·

86 1073 150 1138 citu
178 1074 306 1140 domum
333 1074 549 1158 proficiscente
580 1077 642 1140 dux
664 1077 698 1141 in
720 1075 799 1141 Asia
820 1065 1105 1141 relietus'classem
1127 1076 1258 1140 summis

85 1180 204 1245 viribus
226 1181 367 1266 instruit,
396 1185 434 1246 ut
455 1182 615 1247 fortunam
639 1183 715 1248 belli
738 1181 819 1247 mari
841 1185 985 1249 tentaret.
1031 1181 1125 1248 Hunc
1149 1181 1259 1248 Conon

86 1287 169 1370 apud
196 1285 350 1352 Cnidum
383 1287 422 1374 (a.
451 1288 528 1374 394)
557 1283 684 1356 adortus
711 1311 828 1375 magno
855 1289 977 1373 proelio
1005 1289 1109 1374 fugat,
1141 1289 1259 1354 multas

86 1415 179 1458 naves
203 1394 294 1478 capit,
318 1394 494 1478 complures
518 1395 673 1479 deprimit.
718 1395 787 1472 Qua
809 1395 942 1460 victoria
965 1393 1102 1460 Graecae
1124 1396 1157 1460 in
1180 1396 1259 1480 Asia
1278 1404 1312 1460 10

86 1501 228 1566 civitates
256 1505 287 1565 et
313 1500 435 1566 insulae
458 1524 574 1588 omnes,
603 1524 684 1587 quae
711 1503 770 1567 sub
793 1499 1118 1568 lacedaemoniorum
1132 1503 1259 1568 fuerant

86 1607 230 1692 imperi0,
258 1607 411 1672 liberatae
438 1611 519 1674 sunt.
566 1607 676 1674 Conon
704 1631 774 1674 cum
801 1613 891 1694 parte
914 1605 1043 1674 navium
1065 1609 1098 1698 in
1121 1610 1259 1694 patriam

85 1713 183 1792 venit,
205 1735 313 1777 muros
337 1713 457 1779 dirutos
482 1738 501 1779 a
523 1713 684 1800 Lysandro
712 1719 863 1799 utrosque
872 1713 892 1794 ⁷,
922 1721 954 1780 et
975 1715 1080 1780 Piraei
1104 1721 1134 1781 et
1156 1712 1257 1780 Athe·

86 1842 209 1898 narum,
246 1819 429 1886 reficiendos
467 1821 576 1886 curat⁸
613 1821 827 1906 pecuniaeque
865 1822 1097 1908 quinquaginta
1127 1823 1257 1902 talenta,

86 1949 165 2010 quae
189 1950 208 1991 a
229 1927 434 1992 Pharnabazo
458 1933 628 2014 acceperat,
652 1929 772 1994 civibus
796 1929 860 1994 suis
884 1929 989 1995 donat.
1269 1919 1310 1991 '15

129 2148 158 2206 4.
203 2139 328 2206 Accidit
349 2141 432 2220 huie,
461 2143 546 2227 quod
574 2143 684 2208 ceteris
712 2143 908 2222 mortalibus,
938 2147 973 2207 ut
995 2141 1256 2207 inconsideratior

86 2247 117 2310 in
144 2248 280 2312 secunda
307 2269 402 2331 quam
430 2249 463 2313 in
491 2251 621 2315 adversa
644 2255 726 2314 esset
748 2249 886 2316 fortuna.
931 2248 1016 2314 Nam
1039 2249 1138 2314 classe
1161 2247 1255 2312 Pelo·

86 2353 307 2436 ponnesiorum
350 2347 607 2420 (11111111111
648 2355 752 2420 ultum
790 2377 823 2420 se
861 2377 928 2420 esse
966 2354 1097 2439 injurias
1134 2354 1256 2438 patriae

87 2461 223 2541 putaret,
250 2459 343 2542 plura
369 2461 561 2544 concupivit,
589 2484 686 2546 quam
709 2461 831 2527 efficere
854 2461 968 2545 potuit.
1013 2459 1126 2546 Neque
1149 2464 1255 2525 tamen

88 2586 122 2629 ea
152 2564 236 2630 non²
266 2565 320 2649 pia
353 2569 384 2630 et
415 2567 578 2649 probanda
605 2567 747 2646 fuerunt,
780 2568 865 2653 quod
891 2567 1013 2652 patriae
1041 2589 1116 2651 opes
1145 2568 1255 2651 augeri
1274 2576 1309 2631 20

88 2694 180 2756 quam
202 2670 307 2758 regis8
322 2673 443 2740 maluit.
481 2673 566 2739 Nam
581 2696 652 2739 cum
667 2696 817 2761 magnam
832 2675 1053 2740 auctoritatem
1070 2673 1130 2738 sibi
1145 2695 1255 2758 pugna

87 2777 142 2842 illa
167 2779 285 2856 navali,
316 2801 412 2864 quam
440 2781 523 2864 apud
551 2779 685 2845 Gnidum
712 2781 843 2861 fecerat,
875 2781 1090 2846 constituisset
1116 2801 1180 2843 non
1207 2802 1255 2845 so·

87 2885 151 2948 lum
181 2885 264 2950 inter
289 2885 443 2953 barbaros
470 2889 525 2953 sed
553 2888 649 2954 etiam
676 2889 760 2973 apud
788 2910 897 2954 omnes
926 2887 1074 2954 Graeciae
1103 2887 1255 2965 civitates,

19 3055 20 3068 ,
90 2990 166 3055 clam
197 2993 272 3058 dare
303 3013 433 3078 operam
464 2995 581 3078 coepit,
612 2999 648 3060 ut
665 2977 792 3060 ¹Ioniam
821 2999 853 3060 et
884 2994 1049 3060 Aeolidem
1078 2993 1256 3059 restituerat

89 3095 338 3167 Atheniensibus.
397 3099 434 3165 Id
472 3122 543 3166 cum
582 3101 763 3183 Trribazus,
801 3101 856 3188 qui
894 3101 1046 3168 Sardibus
1083 3099 1256 3186 praeerat4,
1274 3109 1309 3164 25

89 3205 294 3289 cognovisset,
310 3205 471 3272 Cononem
494 3209 753 3294 comprehensum
776 3209 810 3272 11
832 3209 959 3274 vincula
982 3206 1142 3294 conjecit⁵.
1168 3207 1256 3271 'Inde

90 3311 229 3376 nonnulli
266 3335 338 3377 eum
376 3314 416 3378 ad
452 3335 560 3399 regem
597 3314 769 3394 abductum
807 3313 917 3399 ibique
953 3314 1075 3398 perisse·
1104 3313 1257 3398 scriptum

91 3416 307 3502 reliquerunt⁰.
357 3417 474 3485 Contra
504 3420 612 3486 DInon
639 3421 820 3503 historicus,
853 3420 904 3485 eui
931 3425 989 3485 nos
1016 3420 1191 3505 plurimum
1218 3421 1257 3485 de

93 3519 218 3590 Persicis
255 3526 350 3590 rebus
387 3527 575 3608 oredimus⁷,
613 3527 761 3614 effugisse
793 3527 933 3612 scripsit,
970 3527 1050 3592 illud
1083 3528 1257 3606 addubitat,

93 3633 192 3696 ulrum
228 3631 374 3698 Tiribazo
413 3633 529 3699 sciente
567 3657 608 3698 an
643 3633 864 3720 imprudente⁸
901 3635 943 3700 sit
978 3634 1107 3702 factum.
1163 3635 1259 3721 Cypri
1276 3641 1311 3698 30

95 3737 220 3802 morbo⁹
242 3743 384 3804 mortuus
407 3744 462 3805 est.
945 3755 947 3760 '

142 4461 304 4518 hartmann,
320 4463 438 4506 Gemellus
452 4465 529 4516 uapor
544 4466 632 4507 amand.
647 4469 670 4507 et
683 4467 758 4516 suppl.
787 4467 830 4508 Ed.
848 4468 915 4507 VIII.
1079 4467 1097 4520 4
