<?xml version="1.0" encoding="UTF-8"?>
<!DOCTYPE html PUBLIC "-//W3C//DTD XHTML 1.0 Transitional//EN"
    "http://www.w3.org/TR/xhtml1/DTD/xhtml1-transitional.dtd">
<html xmlns="http://www.w3.org/1999/xhtml" xml:lang="en" lang="en">
 <head>
  <title>
</title>
<meta http-equiv="Content-Type" content="text/html;charset=utf-8" />
  <meta name='ocr-system' content='tesseract 3.04.00' />
  <meta name='ocr-capabilities' content='ocr_page ocr_carea ocr_par ocr_line ocrx_word'/>
</head>
<body>
  <div class='ocr_page' id='page_1' title='image "./liberdeexcellen00lattgoog_0087.png"; bbox 0 0 3074 4934; ppageno 0'>
   <div class='ocr_carea' id='block_1_1' title="bbox 861 260 900 318">
    <p class='ocr_par' dir='ltr' id='par_1_1' title="bbox 861 260 900 318">
     <span class='ocr_line' id='line_1_1' title="bbox 861 260 900 318; baseline 0 0"><span class='ocrx_word' id='word_1_1' title='bbox 861 260 900 318; x_wconf 83' lang='lat'>78</span> 
     </span>
    </p>
   </div>
   <div class='ocr_carea' id='block_1_2' title="bbox 294 378 1521 732">
    <p class='ocr_par' dir='ltr' id='par_1_2' title="bbox 294 378 1521 732">
     <span class='ocr_line' id='line_1_2' title="bbox 294 378 1521 518; baseline 0 -20"><span class='ocrx_word' id='word_1_2' title='bbox 294 434 397 498; x_wconf 86' lang='lat' dir='ltr'>victor</span> <span class='ocrx_word' id='word_1_3' title='bbox 424 432 564 498; x_wconf 90' lang='lat' dir='ltr'>instabat</span> <span class='ocrx_word' id='word_1_4' title='bbox 591 431 796 517; x_wconf 88' lang='lat' dir='ltr'>fugientibus.</span> <span class='ocrx_word' id='word_1_5' title='bbox 841 431 937 496; x_wconf 88' lang='lat' dir='ltr'>Haud</span> <span class='ocrx_word' id='word_1_6' title='bbox 964 433 1100 515; x_wconf 88' lang='lat' dir='ltr'>amplius</span> <span class='ocrx_word' id='word_1_7' title='bbox 1127 454 1235 518; x_wconf 87' lang='lat' dir='ltr'>regem</span> <span class='ocrx_word' id='word_1_8' title='bbox 1263 453 1360 516; x_wconf 89' lang='lat' dir='ltr'>quam</span> <span class='ocrx_word' id='word_1_9' title='bbox 1381 432 1468 498; x_wconf 87' lang='lat' dir='ltr'>mille</span> <span class='ocrx_word' id='word_1_10' title='bbox 1520 378 1521 400; x_wconf 33' lang='lat' dir='ltr'>i</span> 
     </span>
     <span class='ocr_line' id='line_1_3' title="bbox 295 538 1466 626; baseline -0.001 -20"><span class='ocrx_word' id='word_1_11' title='bbox 295 540 417 626; x_wconf 75' lang='lat' dir='ltr'>equites</span> <span class='ocrx_word' id='word_1_12' title='bbox 449 539 674 623; x_wconf 83' lang='lat' dir='ltr'>sequebantur3</span> <span class='ocrx_word' id='word_1_13' title='bbox 712 539 841 604; x_wconf 90' lang='lat' dir='ltr'>barbari</span> <span class='ocrx_word' id='word_1_14' title='bbox 872 561 892 604; x_wconf 93' lang='lat' dir='ltr'>a</span> <span class='ocrx_word' id='word_1_15' title='bbox 921 544 988 606; x_wconf 83' lang='lat' dir='ltr'>turn</span> <span class='ocrx_word' id='word_1_16' title='bbox 1018 538 1127 622; x_wconf 87' lang='lat' dir='ltr'>paucis</span> <span class='ocrx_word' id='word_1_17' title='bbox 1158 561 1309 623; x_wconf 86' lang='lat' dir='ltr'>pecorum</span> <span class='ocrx_word' id='word_1_18' title='bbox 1336 538 1466 606; x_wconf 65' lang='lat' dir='ltr'>model1</span> 
     </span>
     <span class='ocr_line' id='line_1_4' title="bbox 295 646 832 732; baseline -0.004 -20"><span class='ocrx_word' id='word_1_19' title='bbox 295 647 472 732; x_wconf 73' lang='lat' dir='ltr'>agebantur</span> <span class='ocrx_word' id='word_1_20' title='bbox 494 650 591 730; x_wconf 87' lang='lat' dir='ltr'>atque</span> <span class='ocrx_word' id='word_1_21' title='bbox 614 646 832 712; x_wconf 70' lang='lat' dir='ltr'>caedebantur.</span> 
     </span>
    </p>
   </div>
   <div class='ocr_carea' id='block_1_3' title="bbox 240 805 1525 3766">
    <p class='ocr_par' dir='ltr' id='par_1_3' title="bbox 240 805 1525 3766">
     <span class='ocr_line' id='line_1_5' title="bbox 339 805 1466 890; baseline -0.001 -19"><span class='ocrx_word' id='word_1_22' title='bbox 339 811 390 872; x_wconf 82' lang='grc'>15.</span> <span class='ocrx_word' id='word_1_23' title='bbox 435 805 510 870; x_wconf 88' lang='lat' dir='ltr'>Jam</span> <span class='ocrx_word' id='word_1_24' title='bbox 536 805 655 870; x_wconf 85' lang='lat' dir='ltr'>victor¹</span> <span class='ocrx_word' id='word_1_25' title='bbox 684 805 838 870; x_wconf 89' lang='lat' dir='ltr'>exercitus</span> <span class='ocrx_word' id='word_1_26' title='bbox 866 809 970 870; x_wconf 91' lang='lat' dir='ltr'>castra</span> <span class='ocrx_word' id='word_1_27' title='bbox 991 805 1133 871; x_wconf 89' lang='lat' dir='ltr'>hostium</span> <span class='ocrx_word' id='word_1_28' title='bbox 1157 805 1400 890; x_wconf 89' lang='lat' dir='ltr'>opulentissima</span> <span class='ocrx_word' id='word_1_29' title='bbox 1422 807 1466 870; x_wconf 94' lang='lat' dir='ltr'>in·</span> 
     </span>
     <span class='ocr_line' id='line_1_6' title="bbox 258 911 1466 997; baseline 0.003 -23"><span class='ocrx_word' id='word_1_30' title='bbox 258 916 445 990; x_wconf 83' lang='lat' dir='ltr'>5traverat3</span> <span class='ocrx_word' id='word_1_31' title='bbox 476 913 588 996; x_wconf 90' lang='lat' dir='ltr'>ingens</span> <span class='ocrx_word' id='word_1_32' title='bbox 617 911 686 977; x_wconf 91' lang='lat' dir='ltr'>auri</span> <span class='ocrx_word' id='word_1_33' title='bbox 714 912 900 996; x_wconf 80' lang='lat' dir='ltr'>argentique</span> <span class='ocrx_word' id='word_1_34' title='bbox 927 913 1065 997; x_wconf 90' lang='lat' dir='ltr'>pondus,</span> <span class='ocrx_word' id='word_1_35' title='bbox 1091 934 1157 978; x_wconf 90' lang='lat' dir='ltr'>non</span> <span class='ocrx_word' id='word_1_36' title='bbox 1178 911 1276 977; x_wconf 74' lang='lat' dir='ltr'>belli²</span> <span class='ocrx_word' id='word_1_37' title='bbox 1298 913 1354 978; x_wconf 89' lang='lat' dir='ltr'>sed</span> <span class='ocrx_word' id='word_1_38' title='bbox 1376 913 1466 979; x_wconf 89' lang='lat' dir='ltr'>luxu·</span> 
     </span>
     <span class='ocr_line' id='line_1_7' title="bbox 293 1018 1467 1104; baseline -0.001 -20"><span class='ocrx_word' id='word_1_39' title='bbox 293 1021 360 1085; x_wconf 90' lang='lat' dir='ltr'>riae</span> <span class='ocrx_word' id='word_1_40' title='bbox 384 1023 580 1104; x_wconf 90' lang='lat' dir='ltr'>apparatum,</span> <span class='ocrx_word' id='word_1_41' title='bbox 602 1019 800 1103; x_wconf 88' lang='lat' dir='ltr'>diripuerunt</span> <span class='ocrx_word' id='word_1_42' title='bbox 821 1018 947 1085; x_wconf 89' lang='lat' dir='ltr'>milites.</span> <span class='ocrx_word' id='word_1_43' title='bbox 984 1019 1052 1085; x_wconf 86' lang='lat' dir='ltr'>Ubi</span> <span class='ocrx_word' id='word_1_44' title='bbox 1075 1019 1115 1084; x_wconf 92' lang='lat' dir='ltr'>ad</span> <span class='ocrx_word' id='word_1_45' title='bbox 1133 1019 1266 1084; x_wconf 87' lang='lat' dir='ltr'>feminas</span> <span class='ocrx_word' id='word_1_46' title='bbox 1280 1025 1467 1104; x_wconf 87' lang='lat' dir='ltr'>perventum</span> 
     </span>
     <span class='ocr_line' id='line_1_8' title="bbox 294 1124 1467 1211; baseline -0.001 -20"><span class='ocrx_word' id='word_1_47' title='bbox 294 1124 375 1205; x_wconf 76' lang='lat' dir='ltr'>est⁸,</span> <span class='ocrx_word' id='word_1_48' title='bbox 403 1125 544 1191; x_wconf 92' lang='lat' dir='ltr'>omnium</span> <span class='ocrx_word' id='word_1_49' title='bbox 571 1125 681 1191; x_wconf 90' lang='lat' dir='ltr'>oculos</span> <span class='ocrx_word' id='word_1_50' title='bbox 707 1126 893 1211; x_wconf 88' lang='lat' dir='ltr'>animosque</span> <span class='ocrx_word' id='word_1_51' title='bbox 921 1126 955 1190; x_wconf 92' lang='lat' dir='ltr'>in</span> <span class='ocrx_word' id='word_1_52' title='bbox 978 1130 1079 1190; x_wconf 90' lang='lat' dir='ltr'>semet</span> <span class='ocrx_word' id='word_1_53' title='bbox 1100 1130 1282 1191; x_wconf 86' lang='lat' dir='ltr'>averterunt</span> <span class='ocrx_word' id='word_1_54' title='bbox 1304 1125 1467 1211; x_wconf 69' lang='lat' dir='ltr'>captivae¹</span> 
     </span>
     <span class='ocr_line' id='line_1_9' title="bbox 293 1232 1466 1317; baseline 0 -20"><span class='ocrx_word' id='word_1_55' title='bbox 293 1237 395 1298; x_wconf 91' lang='lat' dir='ltr'>mater</span> <span class='ocrx_word' id='word_1_56' title='bbox 427 1232 606 1317; x_wconf 88' lang='lat' dir='ltr'>conjuxque</span> <span class='ocrx_word' id='word_1_57' title='bbox 634 1232 737 1314; x_wconf 89' lang='lat' dir='ltr'>Darii;</span> <span class='ocrx_word' id='word_1_58' title='bbox 768 1232 826 1296; x_wconf 91' lang='lat' dir='ltr'>illa</span> <span class='ocrx_word' id='word_1_59' title='bbox 856 1254 921 1297; x_wconf 90' lang='lat' dir='ltr'>non</span> <span class='ocrx_word' id='word_1_60' title='bbox 952 1233 1119 1316; x_wconf 85' lang='lat' dir='ltr'>majestate</span> <span class='ocrx_word' id='word_1_61' title='bbox 1151 1233 1255 1298; x_wconf 91' lang='lat' dir='ltr'>solum</span> <span class='ocrx_word' id='word_1_62' title='bbox 1286 1233 1341 1296; x_wconf 88' lang='lat' dir='ltr'>sed</span> <span class='ocrx_word' id='word_1_63' title='bbox 1373 1232 1466 1297; x_wconf 90' lang='lat' dir='ltr'>etiam</span> 
     </span>
     <span class='ocr_line' id='line_1_10' title="bbox 294 1338 1468 1424; baseline -0.002 -20"><span class='ocrx_word' id='word_1_64' title='bbox 294 1344 398 1404; x_wconf 89' lang='lat' dir='ltr'>aetate</span> <span class='ocrx_word' id='word_1_65' title='bbox 420 1338 622 1417; x_wconf 82' lang='lat' dir='ltr'>venerabilis3</span> <span class='ocrx_word' id='word_1_66' title='bbox 651 1339 730 1404; x_wconf 87' lang='lat' dir='ltr'>haec</span> <span class='ocrx_word' id='word_1_67' title='bbox 751 1338 886 1424; x_wconf 88' lang='lat' dir='ltr'>insignis</span> <span class='ocrx_word' id='word_1_68' title='bbox 908 1339 1029 1404; x_wconf 87' lang='lat' dir='ltr'>formae</span> <span class='ocrx_word' id='word_1_69' title='bbox 1051 1339 1285 1422; x_wconf 78' lang='lat' dir='ltr'>pulchritudine</span> <span class='ocrx_word' id='word_1_70' title='bbox 1307 1344 1468 1424; x_wconf 81' lang='lat' dir='ltr'>receperat</span> 
     </span>
     <span class='ocr_line' id='line_1_11' title="bbox 242 1441 1523 1530; baseline 0.002 -22"><span class='ocrx_word' id='word_1_71' title='bbox 242 1452 276 1508; x_wconf 92' lang='lat'>10</span> <span class='ocrx_word' id='word_1_72' title='bbox 295 1445 329 1510; x_wconf 87' lang='lat' dir='ltr'>in</span> <span class='ocrx_word' id='word_1_73' title='bbox 358 1445 462 1510; x_wconf 90' lang='lat' dir='ltr'>sinum</span> <span class='ocrx_word' id='word_1_74' title='bbox 489 1445 591 1510; x_wconf 89' lang='lat' dir='ltr'>filium</span> <span class='ocrx_word' id='word_1_75' title='bbox 618 1444 748 1510; x_wconf 85' lang='lat' dir='ltr'>vixdum</span> <span class='ocrx_word' id='word_1_76' title='bbox 775 1467 831 1510; x_wconf 91' lang='lat' dir='ltr'>sex</span> <span class='ocrx_word' id='word_1_77' title='bbox 859 1466 958 1510; x_wconf 87' lang='lat' dir='ltr'>annos</span> <span class='ocrx_word' id='word_1_78' title='bbox 986 1444 1125 1510; x_wconf 69' lang='lat' dir='ltr'>uatuml.</span> <span class='ocrx_word' id='word_1_79' title='bbox 1174 1444 1213 1510; x_wconf 93' lang='lat' dir='ltr'>In</span> <span class='ocrx_word' id='word_1_80' title='bbox 1239 1445 1360 1530; x_wconf 90' lang='lat' dir='ltr'>gremio</span> <span class='ocrx_word' id='word_1_81' title='bbox 1390 1461 1467 1510; x_wconf 87' lang='lat' dir='ltr'>anus</span> <span class='ocrx_word' id='word_1_82' title='bbox 1522 1441 1523 1490; x_wconf 53' lang='grc' dir='ltr'>ἶ</span> 
     </span>
     <span class='ocr_line' id='line_1_12' title="bbox 294 1550 1469 1638; baseline 0 -22"><span class='ocrx_word' id='word_1_83' title='bbox 294 1551 384 1616; x_wconf 86' lang='lat' dir='ltr'>aviae</span> <span class='ocrx_word' id='word_1_84' title='bbox 403 1551 554 1636; x_wconf 88' lang='lat' dir='ltr'>jacebant</span> <span class='ocrx_word' id='word_1_85' title='bbox 577 1551 703 1616; x_wconf 90' lang='lat' dir='ltr'>adultae</span> <span class='ocrx_word' id='word_1_86' title='bbox 727 1551 806 1616; x_wconf 87' lang='lat' dir='ltr'>duae</span> <span class='ocrx_word' id='word_1_87' title='bbox 829 1551 967 1636; x_wconf 84' lang='lat' dir='ltr'>virgines</span> <span class='ocrx_word' id='word_1_88' title='bbox 986 1573 1128 1616; x_wconf 87' lang='lat' dir='ltr'>maerore</span> <span class='ocrx_word' id='word_1_89' title='bbox 1144 1550 1313 1618; x_wconf 88' lang='lat' dir='ltr'>confectae.</span> <span class='ocrx_word' id='word_1_90' title='bbox 1350 1552 1469 1638; x_wconf 89' lang='lat' dir='ltr'>Magna</span> 
     </span>
     <span class='ocr_line' id='line_1_13' title="bbox 294 1655 1467 1724; baseline -0.001 0"><span class='ocrx_word' id='word_1_91' title='bbox 294 1659 378 1724; x_wconf 90' lang='lat' dir='ltr'>circa</span> <span class='ocrx_word' id='word_1_92' title='bbox 405 1679 475 1722; x_wconf 92' lang='lat' dir='ltr'>eam</span> <span class='ocrx_word' id='word_1_93' title='bbox 497 1657 654 1722; x_wconf 89' lang='lat' dir='ltr'>nobilium</span> <span class='ocrx_word' id='word_1_94' title='bbox 675 1657 866 1722; x_wconf 82' lang='lat' dir='ltr'>feminarum</span> <span class='ocrx_word' id='word_1_95' title='bbox 887 1657 982 1722; x_wconf 91' lang='lat' dir='ltr'>turba</span> <span class='ocrx_word' id='word_1_96' title='bbox 1005 1655 1210 1722; x_wconf 79' lang='lat' dir='ltr'>constiterat⁶</span> <span class='ocrx_word' id='word_1_97' title='bbox 1233 1657 1350 1722; x_wconf 80' lang='lat' dir='ltr'>evulsis</span> <span class='ocrx_word' id='word_1_98' title='bbox 1374 1659 1467 1724; x_wconf 90' lang='lat' dir='ltr'>crini-</span> 
     </span>
     <span class='ocr_line' id='line_1_14' title="bbox 293 1761 1468 1849; baseline -0.001 -18"><span class='ocrx_word' id='word_1_99' title='bbox 293 1766 353 1831; x_wconf 88' lang='lat' dir='ltr'>bus</span> <span class='ocrx_word' id='word_1_100' title='bbox 386 1764 578 1849; x_wconf 84' lang='lat' dir='ltr'>discissaque</span> <span class='ocrx_word' id='word_1_101' title='bbox 609 1767 706 1829; x_wconf 87' lang='lat' dir='ltr'>veste.</span> <span class='ocrx_word' id='word_1_102' title='bbox 756 1761 824 1830; x_wconf 90' lang='lat' dir='ltr'>Ubi</span> <span class='ocrx_word' id='word_1_103' title='bbox 854 1785 919 1828; x_wconf 89' lang='lat' dir='ltr'>una</span> <span class='ocrx_word' id='word_1_104' title='bbox 949 1784 967 1826; x_wconf 93' lang='lat' dir='ltr'>e</span> <span class='ocrx_word' id='word_1_105' title='bbox 999 1763 1133 1846; x_wconf 82' lang='lat' dir='ltr'>captivis</span> <span class='ocrx_word' id='word_1_106' title='bbox 1164 1763 1350 1844; x_wconf 88' lang='lat' dir='ltr'>amiculum,</span> <span class='ocrx_word' id='word_1_107' title='bbox 1384 1766 1468 1849; x_wconf 91' lang='lat' dir='ltr'>quod</span> 
     </span>
     <span class='ocr_line' id='line_1_15' title="bbox 293 1868 1524 1956; baseline 0 -20"><span class='ocrx_word' id='word_1_108' title='bbox 293 1871 418 1950; x_wconf 88' lang='lat' dir='ltr'>Darius,</span> <span class='ocrx_word' id='word_1_109' title='bbox 441 1871 523 1935; x_wconf 90' lang='lat' dir='ltr'>sicut</span> <span class='ocrx_word' id='word_1_110' title='bbox 544 1869 642 1954; x_wconf 92' lang='lat' dir='ltr'>paulo</span> <span class='ocrx_word' id='word_1_111' title='bbox 666 1874 740 1934; x_wconf 90' lang='lat' dir='ltr'>ante</span> <span class='ocrx_word' id='word_1_112' title='bbox 760 1869 879 1934; x_wconf 87' lang='lat' dir='ltr'>dictum</span> <span class='ocrx_word' id='word_1_113' title='bbox 895 1873 943 1934; x_wconf 90' lang='lat' dir='ltr'>est</span> <span class='ocrx_word' id='word_1_114' title='bbox 950 1868 970 1948; x_wconf 83' lang='lat'>⁷,</span> <span class='ocrx_word' id='word_1_115' title='bbox 994 1869 1159 1954; x_wconf 81' lang='lat' dir='ltr'>abjecerat,</span> <span class='ocrx_word' id='word_1_116' title='bbox 1180 1868 1214 1932; x_wconf 92' lang='lat' dir='ltr'>in</span> <span class='ocrx_word' id='word_1_117' title='bbox 1229 1870 1376 1934; x_wconf 90' lang='lat' dir='ltr'>manibus</span> <span class='ocrx_word' id='word_1_118' title='bbox 1393 1871 1467 1956; x_wconf 84' lang='lat' dir='ltr'>ejus,</span> <span class='ocrx_word' id='word_1_119' title='bbox 1523 1949 1524 1952; x_wconf 8' lang='grc' dir='ltr'><strong>Ἴ</strong></span> 
     </span>
     <span class='ocr_line' id='line_1_16' title="bbox 242 1961 1524 2064; baseline 0.003 -24"><span class='ocrx_word' id='word_1_120' title='bbox 242 1986 275 2040; x_wconf 94' lang='grc'>15</span> <span class='ocrx_word' id='word_1_121' title='bbox 295 1977 350 2062; x_wconf 89' lang='lat' dir='ltr'>qui</span> <span class='ocrx_word' id='word_1_122' title='bbox 381 1975 559 2064; x_wconf 81' lang='lat' dir='ltr'>repertum⁸</span> <span class='ocrx_word' id='word_1_123' title='bbox 591 1977 727 2057; x_wconf 81' lang='lat' dir='ltr'>serebat,</span> <span class='ocrx_word' id='word_1_124' title='bbox 759 1976 889 2063; x_wconf 88' lang='lat' dir='ltr'>agnovit</span> <span class='ocrx_word' id='word_1_125' title='bbox 919 1979 1065 2060; x_wconf 89' lang='lat' dir='ltr'>rataque,</span> <span class='ocrx_word' id='word_1_126' title='bbox 1096 1975 1264 2041; x_wconf 86' lang='lat' dir='ltr'>interfecto</span> <span class='ocrx_word' id='word_1_127' title='bbox 1292 1978 1467 2044; x_wconf 86' lang='lat' dir='ltr'>detractum</span> <span class='ocrx_word' id='word_1_128' title='bbox 1523 1961 1524 1980; x_wconf 42' lang='lat'>¹</span> 
     </span>
     <span class='ocr_line' id='line_1_17' title="bbox 294 2083 1466 2170; baseline 0.001 -21"><span class='ocrx_word' id='word_1_129' title='bbox 294 2107 370 2164; x_wconf 90' lang='lat' dir='ltr'>esse,</span> <span class='ocrx_word' id='word_1_130' title='bbox 393 2083 511 2149; x_wconf 89' lang='lat' dir='ltr'>falsum</span> <span class='ocrx_word' id='word_1_131' title='bbox 533 2083 681 2149; x_wconf 88' lang='lat' dir='ltr'>nuntium</span> <span class='ocrx_word' id='word_1_132' title='bbox 703 2083 814 2148; x_wconf 89' lang='lat' dir='ltr'>mortis</span> <span class='ocrx_word' id='word_1_133' title='bbox 838 2084 905 2168; x_wconf 83' lang='lat' dir='ltr'>ejus</span> <span class='ocrx_word' id='word_1_134' title='bbox 926 2083 1044 2161; x_wconf 84' lang='lat' dir='ltr'>attulit,</span> <span class='ocrx_word' id='word_1_135' title='bbox 1066 2083 1178 2168; x_wconf 84' lang='lat' dir='ltr'>ingens</span> <span class='ocrx_word' id='word_1_136' title='bbox 1198 2084 1235 2146; x_wconf 83' lang='lat' dir='ltr'>lit</span> <span class='ocrx_word' id='word_1_137' title='bbox 1249 2084 1387 2169; x_wconf 82' lang='lat' dir='ltr'>gemitus</span> <span class='ocrx_word' id='word_1_138' title='bbox 1404 2086 1466 2170; x_wconf 88' lang='lat' dir='ltr'>eju-</span> 
     </span>
     <span class='ocr_line' id='line_1_18' title="bbox 293 2189 1467 2276; baseline 0 -20"><span class='ocrx_word' id='word_1_139' title='bbox 293 2192 443 2276; x_wconf 84' lang='lat' dir='ltr'>latusque</span> <span class='ocrx_word' id='word_1_140' title='bbox 469 2191 648 2256; x_wconf 72' lang='lat' dir='ltr'>mulierum</span> <span class='ocrx_word' id='word_1_141' title='bbox 698 2189 823 2255; x_wconf 90' lang='lat' dir='ltr'>Interea</span> <span class='ocrx_word' id='word_1_142' title='bbox 845 2189 1039 2268; x_wconf 82' lang='lat' dir='ltr'>Alexander,</span> <span class='ocrx_word' id='word_1_143' title='bbox 1066 2194 1236 2274; x_wconf 88' lang='lat' dir='ltr'>postquam</span> <span class='ocrx_word' id='word_1_144' title='bbox 1254 2194 1295 2254; x_wconf 89' lang='lat' dir='ltr'>·et</span> <span class='ocrx_word' id='word_1_145' title='bbox 1321 2213 1387 2255; x_wconf 87' lang='lat' dir='ltr'>nox</span> <span class='ocrx_word' id='word_1_146' title='bbox 1414 2215 1467 2276; x_wconf 91' lang='lat' dir='ltr'>ap-</span> 
     </span>
     <span class='ocr_line' id='line_1_19' title="bbox 293 2296 1469 2384; baseline -0.001 -21"><span class='ocrx_word' id='word_1_147' title='bbox 293 2297 442 2384; x_wconf 77' lang='lat' dir='ltr'>petebatl</span> <span class='ocrx_word' id='word_1_148' title='bbox 480 2303 512 2362; x_wconf 90' lang='lat' dir='ltr'>et</span> <span class='ocrx_word' id='word_1_149' title='bbox 550 2297 762 2381; x_wconf 88' lang='lat' dir='ltr'>consequendi</span> <span class='ocrx_word' id='word_1_150' title='bbox 793 2297 927 2361; x_wconf 90' lang='lat' dir='ltr'>Darium</span> <span class='ocrx_word' id='word_1_151' title='bbox 964 2317 1036 2380; x_wconf 88' lang='lat' dir='ltr'>spes</span> <span class='ocrx_word' id='word_1_152' title='bbox 1068 2317 1132 2359; x_wconf 91' lang='lat' dir='ltr'>non</span> <span class='ocrx_word' id='word_1_153' title='bbox 1164 2296 1263 2376; x_wconf 72' lang='lat' dir='ltr'>eratl,</span> <span class='ocrx_word' id='word_1_154' title='bbox 1300 2297 1335 2362; x_wconf 91' lang='lat' dir='ltr'>in</span> <span class='ocrx_word' id='word_1_155' title='bbox 1365 2303 1469 2364; x_wconf 87' lang='lat' dir='ltr'>caetra</span> 
     </span>
     <span class='ocr_line' id='line_1_20' title="bbox 293 2401 1525 2496; baseline -0.002 -26"><span class='ocrx_word' id='word_1_156' title='bbox 293 2407 390 2489; x_wconf 88' lang='lat' dir='ltr'>paulo</span> <span class='ocrx_word' id='word_1_157' title='bbox 423 2409 496 2469; x_wconf 89' lang='lat' dir='ltr'>aute</span> <span class='ocrx_word' id='word_1_158' title='bbox 528 2427 547 2468; x_wconf 88' lang='lat' dir='ltr'>a</span> <span class='ocrx_word' id='word_1_159' title='bbox 578 2403 643 2468; x_wconf 91' lang='lat' dir='ltr'>suis</span> <span class='ocrx_word' id='word_1_160' title='bbox 672 2407 764 2488; x_wconf 91' lang='lat' dir='ltr'>capta</span> <span class='ocrx_word' id='word_1_161' title='bbox 791 2403 942 2486; x_wconf 87' lang='lat' dir='ltr'>pervenit.</span> <span class='ocrx_word' id='word_1_162' title='bbox 992 2401 1111 2484; x_wconf 89' lang='lat' dir='ltr'>Audito</span> <span class='ocrx_word' id='word_1_163' title='bbox 1135 2403 1303 2468; x_wconf 89' lang='lat' dir='ltr'>mulierum</span> <span class='ocrx_word' id='word_1_164' title='bbox 1330 2404 1468 2472; x_wconf 87' lang='lat' dir='ltr'>elamore</span> <span class='ocrx_word' id='word_1_165' title='bbox 1524 2472 1525 2496; x_wconf 73' lang='lat'>,</span> 
     </span>
     <span class='ocr_line' id='line_1_21' title="bbox 240 2507 1469 2598; baseline -0.001 -21"><span class='ocrx_word' id='word_1_166' title='bbox 240 2516 275 2569; x_wconf 87' lang='lat'>2⁰</span> <span class='ocrx_word' id='word_1_167' title='bbox 295 2533 452 2598; x_wconf 86' lang='lat' dir='ltr'>causaque</span> <span class='ocrx_word' id='word_1_168' title='bbox 479 2510 526 2574; x_wconf 91' lang='lat' dir='ltr'>rei</span> <span class='ocrx_word' id='word_1_169' title='bbox 553 2509 682 2596; x_wconf 85' lang='lat' dir='ltr'>cognita</span> <span class='ocrx_word' id='word_1_170' title='bbox 708 2510 907 2575; x_wconf 81' lang='lat' dir='ltr'>Leonnatum</span> <span class='ocrx_word' id='word_1_171' title='bbox 932 2507 1032 2588; x_wconf 82' lang='lat' dir='ltr'>misit,</span> <span class='ocrx_word' id='word_1_172' title='bbox 1060 2510 1115 2594; x_wconf 92' lang='lat' dir='ltr'>qui</span> <span class='ocrx_word' id='word_1_173' title='bbox 1142 2509 1247 2574; x_wconf 86' lang='lat' dir='ltr'>vivere</span> <span class='ocrx_word' id='word_1_174' title='bbox 1275 2510 1410 2576; x_wconf 88' lang='lat' dir='ltr'>Darium</span> <span class='ocrx_word' id='word_1_175' title='bbox 1437 2517 1469 2576; x_wconf 89' lang='lat' dir='ltr'>et</span> 
     </span>
     <span class='ocr_line' id='line_1_22' title="bbox 293 2615 1469 2704; baseline 0.001 -23"><span class='ocrx_word' id='word_1_176' title='bbox 293 2620 380 2704; x_wconf 90' lang='lat' dir='ltr'>ipsas</span> <span class='ocrx_word' id='word_1_177' title='bbox 403 2617 578 2682; x_wconf 86' lang='lat' dir='ltr'>incolumes</span> <span class='ocrx_word' id='word_1_178' title='bbox 601 2616 670 2681; x_wconf 87' lang='lat' dir='ltr'>fore</span> <span class='ocrx_word' id='word_1_179' title='bbox 692 2615 861 2680; x_wconf 89' lang='lat' dir='ltr'>nuntiaret.</span> <span class='ocrx_word' id='word_1_180' title='bbox 906 2615 989 2680; x_wconf 87' lang='lat' dir='ltr'>Tum</span> <span class='ocrx_word' id='word_1_181' title='bbox 1014 2617 1141 2680; x_wconf 91' lang='lat' dir='ltr'>demum</span> <span class='ocrx_word' id='word_1_182' title='bbox 1155 2615 1245 2680; x_wconf 89' lang='lat' dir='ltr'>Darii</span> <span class='ocrx_word' id='word_1_183' title='bbox 1267 2621 1369 2682; x_wconf 90' lang='lat' dir='ltr'>mater</span> <span class='ocrx_word' id='word_1_184' title='bbox 1392 2617 1469 2682; x_wconf 89' lang='lat' dir='ltr'>alle-</span> 
     </span>
     <span class='ocr_line' id='line_1_23' title="bbox 293 2721 1469 2808; baseline -0.002 -18"><span class='ocrx_word' id='word_1_185' title='bbox 293 2725 362 2790; x_wconf 87' lang='lat' dir='ltr'>vari</span> <span class='ocrx_word' id='word_1_186' title='bbox 385 2746 418 2790; x_wconf 92' lang='lat' dir='ltr'>se</span> <span class='ocrx_word' id='word_1_187' title='bbox 440 2745 536 2808; x_wconf 85' lang='lat' dir='ltr'>passa</span> <span class='ocrx_word' id='word_1_188' title='bbox 557 2721 648 2789; x_wconf 71' lang='lat' dir='ltr'>est10.</span> <span class='ocrx_word' id='word_1_189' title='bbox 693 2723 826 2788; x_wconf 80' lang='lat' dir='ltr'>Postero</span> <span class='ocrx_word' id='word_1_190' title='bbox 850 2723 899 2787; x_wconf 94' lang='lat' dir='ltr'>die</span> <span class='ocrx_word' id='word_1_191' title='bbox 921 2723 990 2808; x_wconf 90' lang='lat' dir='ltr'>ipse</span> <span class='ocrx_word' id='word_1_192' title='bbox 1011 2721 1251 2788; x_wconf 88' lang='lat' dir='ltr'>tabernaculum</span> <span class='ocrx_word' id='word_1_193' title='bbox 1275 2722 1380 2788; x_wconf 85' lang='lat' dir='ltr'>cum11</span> <span class='ocrx_word' id='word_1_194' title='bbox 1404 2723 1469 2788; x_wconf 89' lang='lat' dir='ltr'>He-</span> 
     </span>
     <span class='ocr_line' id='line_1_24' title="bbox 259 2823 1471 2916; baseline -0.002 -20"><span class='ocrx_word' id='word_1_195' title='bbox 259 2835 274 2864; x_wconf 77' lang='lat'><em>*</em></span> <span class='ocrx_word' id='word_1_196' title='bbox 292 2831 481 2916; x_wconf 90' lang='lat' dir='ltr'>phaestione</span> <span class='ocrx_word' id='word_1_197' title='bbox 509 2830 615 2896; x_wconf 89' lang='lat' dir='ltr'>intrat.</span> <span class='ocrx_word' id='word_1_198' title='bbox 660 2829 692 2894; x_wconf 88' lang='lat' dir='ltr'>Is</span> <span class='ocrx_word' id='word_1_199' title='bbox 715 2829 856 2894; x_wconf 90' lang='lat' dir='ltr'>omnium</span> <span class='ocrx_word' id='word_1_200' title='bbox 879 2823 1086 2893; x_wconf 75' lang='lat' dir='ltr'>amicorum¹²</span> <span class='ocrx_word' id='word_1_201' title='bbox 1109 2829 1286 2894; x_wconf 88' lang='lat' dir='ltr'>carissimus</span> <span class='ocrx_word' id='word_1_202' title='bbox 1310 2833 1378 2894; x_wconf 88' lang='lat' dir='ltr'>erat</span> <span class='ocrx_word' id='word_1_203' title='bbox 1400 2831 1471 2915; x_wconf 83' lang='lat' dir='ltr'>regi</span> 
     </span>
     <span class='ocr_line' id='line_1_25' title="bbox 295 2933 1469 3022; baseline -0.003 -18"><span class='ocrx_word' id='word_1_204' title='bbox 295 2944 327 3004; x_wconf 92' lang='lat' dir='ltr'>et</span> <span class='ocrx_word' id='word_1_205' title='bbox 356 2938 437 3002; x_wconf 89' lang='lat' dir='ltr'>sicut</span> <span class='ocrx_word' id='word_1_206' title='bbox 464 2934 602 3002; x_wconf 82' lang='lat' dir='ltr'>aetate18</span> <span class='ocrx_word' id='word_1_207' title='bbox 629 2959 700 3019; x_wconf 90' lang='lat' dir='ltr'>par,</span> <span class='ocrx_word' id='word_1_208' title='bbox 728 2937 775 3002; x_wconf 93' lang='lat' dir='ltr'>ita</span> <span class='ocrx_word' id='word_1_209' title='bbox 803 2937 943 3020; x_wconf 87' lang='lat' dir='ltr'>corporis</span> <span class='ocrx_word' id='word_1_210' title='bbox 970 2933 1118 3000; x_wconf 78' lang='lat' dir='ltr'>habitu¹³</span> <span class='ocrx_word' id='word_1_211' title='bbox 1145 2936 1334 3020; x_wconf 84' lang='lat' dir='ltr'>praestabat.</span> <span class='ocrx_word' id='word_1_212' title='bbox 1379 2935 1469 3022; x_wconf 82' lang='lat' dir='ltr'>Ergo</span> 
     </span>
     <span class='ocr_line' id='line_1_26' title="bbox 240 3040 1469 3130; baseline 0.002 -25"><span class='ocrx_word' id='word_1_213' title='bbox 240 3049 274 3103; x_wconf 79' lang='lat'>25</span> <span class='ocrx_word' id='word_1_214' title='bbox 293 3043 423 3130; x_wconf 87' lang='lat' dir='ltr'>reginae</span> <span class='ocrx_word' id='word_1_215' title='bbox 460 3043 552 3108; x_wconf 92' lang='lat' dir='ltr'>illum</span> <span class='ocrx_word' id='word_1_216' title='bbox 590 3065 656 3108; x_wconf 90' lang='lat' dir='ltr'>esse</span> <span class='ocrx_word' id='word_1_217' title='bbox 687 3064 797 3128; x_wconf 89' lang='lat' dir='ltr'>regem</span> <span class='ocrx_word' id='word_1_218' title='bbox 826 3048 914 3109; x_wconf 90' lang='lat' dir='ltr'>ratae</span> <span class='ocrx_word' id='word_1_219' title='bbox 946 3063 1003 3107; x_wconf 88' lang='lat' dir='ltr'>suo</span> <span class='ocrx_word' id='word_1_220' title='bbox 1035 3040 1156 3107; x_wconf 78' lang='lat' dir='ltr'>more¹⁴</span> <span class='ocrx_word' id='word_1_221' title='bbox 1188 3047 1354 3107; x_wconf 85' lang='lat' dir='ltr'>veneratae</span> <span class='ocrx_word' id='word_1_222' title='bbox 1386 3049 1469 3108; x_wconf 87' lang='lat' dir='ltr'>sunt.</span> 
     </span>
     <span class='ocr_line' id='line_1_27' title="bbox 293 3147 1470 3234; baseline -0.002 -18"><span class='ocrx_word' id='word_1_223' title='bbox 293 3150 442 3216; x_wconf 91' lang='lat' dir='ltr'>Alterum</span> <span class='ocrx_word' id='word_1_224' title='bbox 468 3149 685 3216; x_wconf 81' lang='lat' dir='ltr'>Alexandrum</span> <span class='ocrx_word' id='word_1_225' title='bbox 713 3171 780 3214; x_wconf 89' lang='lat' dir='ltr'>esse</span> <span class='ocrx_word' id='word_1_226' title='bbox 807 3149 969 3214; x_wconf 88' lang='lat' dir='ltr'>admonita</span> <span class='ocrx_word' id='word_1_227' title='bbox 996 3147 1183 3234; x_wconf 85' lang='lat' dir='ltr'>Sisigambis</span> <span class='ocrx_word' id='word_1_228' title='bbox 1210 3150 1359 3214; x_wconf 85' lang='lat' dir='ltr'>advoluta</span> <span class='ocrx_word' id='word_1_229' title='bbox 1387 3150 1470 3215; x_wconf 66' lang='lat' dir='ltr'>est¹5</span> 
     </span>
     <span class='ocr_line' id='line_1_28' title="bbox 293 3255 1469 3343; baseline -0.003 -19"><span class='ocrx_word' id='word_1_230' title='bbox 293 3257 426 3343; x_wconf 90' lang='lat' dir='ltr'>pedibus</span> <span class='ocrx_word' id='word_1_231' title='bbox 450 3259 527 3342; x_wconf 86' lang='lat' dir='ltr'>ejus,</span> <span class='ocrx_word' id='word_1_232' title='bbox 549 3255 765 3342; x_wconf 87' lang='lat' dir='ltr'>ignorantiam</span> <span class='ocrx_word' id='word_1_233' title='bbox 787 3278 949 3340; x_wconf 87' lang='lat' dir='ltr'>nunquam</span> <span class='ocrx_word' id='word_1_234' title='bbox 972 3259 1064 3320; x_wconf 88' lang='lat' dir='ltr'>antea</span> <span class='ocrx_word' id='word_1_235' title='bbox 1085 3255 1146 3320; x_wconf 87' lang='lat' dir='ltr'>visi</span> <span class='ocrx_word' id='word_1_236' title='bbox 1167 3256 1251 3342; x_wconf 88' lang='lat' dir='ltr'>regis</span> <span class='ocrx_word' id='word_1_237' title='bbox 1272 3256 1469 3322; x_wconf 79' lang='lat' dir='ltr'>excusans¹⁶.</span> 
     </span>
     <span class='ocr_line' id='line_1_29' title="bbox 294 3358 1469 3448; baseline -0.002 -18"><span class='ocrx_word' id='word_1_238' title='bbox 294 3366 396 3443; x_wconf 83' lang='lat' dir='ltr'>Quam</span> <span class='ocrx_word' id='word_1_239' title='bbox 423 3388 523 3429; x_wconf 90' lang='lat' dir='ltr'>manu</span> <span class='ocrx_word' id='word_1_240' title='bbox 545 3363 684 3429; x_wconf 86' lang='lat' dir='ltr'>allevans</span> <span class='ocrx_word' id='word_1_241' title='bbox 707 3386 776 3441; x_wconf 91' lang='lat' dir='ltr'>rex,</span> <span class='ocrx_word' id='word_1_242' title='bbox 803 3358 878 3430; x_wconf 85' lang='lat' dir='ltr'>Non</span> <span class='ocrx_word' id='word_1_243' title='bbox 901 3361 1026 3442; x_wconf 81' lang='lat' dir='ltr'>errasti,</span> <span class='ocrx_word' id='word_1_244' title='bbox 1053 3361 1169 3448; x_wconf 91' lang='lat' dir='ltr'>inquit,</span> <span class='ocrx_word' id='word_1_245' title='bbox 1197 3367 1312 3442; x_wconf 91' lang='lat' dir='ltr'>mater,</span> <span class='ocrx_word' id='word_1_246' title='bbox 1338 3385 1412 3428; x_wconf 84' lang='lat' dir='ltr'>nam</span> <span class='ocrx_word' id='word_1_247' title='bbox 1437 3369 1469 3428; x_wconf 93' lang='lat' dir='ltr'>et</span> 
     </span>
     <span class='ocr_line' id='line_1_30' title="bbox 293 3469 1470 3554; baseline -0.002 -20"><span class='ocrx_word' id='word_1_248' title='bbox 293 3469 346 3534; x_wconf 90' lang='lat' dir='ltr'>hic</span> <span class='ocrx_word' id='word_1_249' title='bbox 373 3469 553 3535; x_wconf 86' lang='lat' dir='ltr'>Alexander</span> <span class='ocrx_word' id='word_1_250' title='bbox 580 3476 636 3537; x_wconf 90' lang='lat' dir='ltr'>est.</span> <span class='ocrx_word' id='word_1_251' title='bbox 681 3469 802 3535; x_wconf 89' lang='lat' dir='ltr'>Deinde</span> <span class='ocrx_word' id='word_1_252' title='bbox 829 3469 949 3533; x_wconf 92' lang='lat' dir='ltr'>bonum</span> <span class='ocrx_word' id='word_1_253' title='bbox 976 3469 1117 3534; x_wconf 89' lang='lat' dir='ltr'>animum</span> <span class='ocrx_word' id='word_1_254' title='bbox 1143 3469 1260 3534; x_wconf 91' lang='lat' dir='ltr'>habere</span> <span class='ocrx_word' id='word_1_255' title='bbox 1287 3492 1339 3536; x_wconf 90' lang='lat' dir='ltr'>eas</span> <span class='ocrx_word' id='word_1_256' title='bbox 1363 3469 1470 3554; x_wconf 84' lang='lat' dir='ltr'>jussit,</span> 
     </span>
     <span class='ocr_line' id='line_1_31' title="bbox 241 3573 1469 3660; baseline 0.005 -24"><span class='ocrx_word' id='word_1_257' title='bbox 241 3582 276 3637; x_wconf 82' lang='lat'>30</span> <span class='ocrx_word' id='word_1_258' title='bbox 294 3575 385 3640; x_wconf 89' lang='lat' dir='ltr'>Darii</span> <span class='ocrx_word' id='word_1_259' title='bbox 420 3576 522 3640; x_wconf 89' lang='lat' dir='ltr'>filium</span> <span class='ocrx_word' id='word_1_260' title='bbox 553 3575 636 3641; x_wconf 92' lang='lat' dir='ltr'>collo</span> <span class='ocrx_word' id='word_1_261' title='bbox 669 3598 727 3641; x_wconf 91' lang='lat' dir='ltr'>suc</span> <span class='ocrx_word' id='word_1_262' title='bbox 760 3573 914 3658; x_wconf 83' lang='lat' dir='ltr'>admovit;</span> <span class='ocrx_word' id='word_1_263' title='bbox 952 3579 1048 3660; x_wconf 92' lang='lat' dir='ltr'>atque</span> <span class='ocrx_word' id='word_1_264' title='bbox 1080 3575 1161 3640; x_wconf 90' lang='lat' dir='ltr'>nihil</span> <span class='ocrx_word' id='word_1_265' title='bbox 1192 3575 1247 3642; x_wconf 90' lang='lat' dir='ltr'>ille</span> <span class='ocrx_word' id='word_1_266' title='bbox 1279 3575 1469 3642; x_wconf 85' lang='lat' dir='ltr'>conterritus</span> 
     </span>
     <span class='ocr_line' id='line_1_32' title="bbox 295 3679 926 3766; baseline 0.002 -19"><span class='ocrx_word' id='word_1_267' title='bbox 295 3682 433 3748; x_wconf 80' lang='lat' dir='ltr'>cervices</span> <span class='ocrx_word' id='word_1_268' title='bbox 456 3683 522 3766; x_wconf 89' lang='lat' dir='ltr'>ejus</span> <span class='ocrx_word' id='word_1_269' title='bbox 545 3681 693 3748; x_wconf 88' lang='lat' dir='ltr'>manibus</span> <span class='ocrx_word' id='word_1_270' title='bbox 716 3679 926 3766; x_wconf 85' lang='lat' dir='ltr'>amplectitur.</span> 
     </span>
    </p>
   </div>
   <div class='ocr_carea' id='block_1_4' title="bbox 241 3839 1470 4460">
    <p class='ocr_par' dir='ltr' id='par_1_4' title="bbox 295 3839 1469 4141">
     <span class='ocr_line' id='line_1_33' title="bbox 341 3839 1469 3924; baseline -0.002 -16"><span class='ocrx_word' id='word_1_271' title='bbox 341 3847 393 3908; x_wconf 86' lang='grc'>16.</span> <span class='ocrx_word' id='word_1_272' title='bbox 437 3842 569 3907; x_wconf 83' lang='lat' dir='ltr'>Darium</span> <span class='ocrx_word' id='word_1_273' title='bbox 612 3842 652 3906; x_wconf 86' lang='lat' dir='ltr'>ad</span> <span class='ocrx_word' id='word_1_274' title='bbox 694 3841 881 3924; x_wconf 79' lang='lat' dir='ltr'>Euphraten</span> <span class='ocrx_word' id='word_1_275' title='bbox 923 3843 1163 3907; x_wconf 85' lang='lat' dir='ltr'>contendentem</span> <span class='ocrx_word' id='word_1_276' title='bbox 1201 3839 1395 3922; x_wconf 83' lang='lat' dir='ltr'>Alexander,</span> <span class='ocrx_word' id='word_1_277' title='bbox 1435 3843 1469 3906; x_wconf 92' lang='lat' dir='ltr'>id</span> 
     </span>
     <span class='ocr_line' id='line_1_34' title="bbox 295 3946 1469 4034; baseline -0.002 -20"><span class='ocrx_word' id='word_1_278' title='bbox 295 3948 400 4034; x_wconf 86' lang='lat' dir='ltr'>quod1</span> <span class='ocrx_word' id='word_1_279' title='bbox 423 3948 592 4029; x_wconf 73' lang='lat' dir='ltr'>crederes&#39;,</span> <span class='ocrx_word' id='word_1_280' title='bbox 613 3952 797 4034; x_wconf 90' lang='lat' dir='ltr'>persecutus</span> <span class='ocrx_word' id='word_1_281' title='bbox 819 3946 902 4013; x_wconf 82' lang='lat' dir='ltr'>non8</span> <span class='ocrx_word' id='word_1_282' title='bbox 917 3953 973 4027; x_wconf 76' lang='lat' dir='ltr'>est,</span> <span class='ocrx_word' id='word_1_283' title='bbox 996 3949 1051 4013; x_wconf 91' lang='lat' dir='ltr'>sed</span> <span class='ocrx_word' id='word_1_284' title='bbox 1066 3947 1148 4012; x_wconf 89' lang='lat' dir='ltr'>nihil</span> <span class='ocrx_word' id='word_1_285' title='bbox 1163 3947 1323 4032; x_wconf 86' lang='lat' dir='ltr'>antiquius</span> <span class='ocrx_word' id='word_1_286' title='bbox 1338 3948 1469 4027; x_wconf 84' lang='lat' dir='ltr'>habena,</span> 
     </span>
     <span class='ocr_line' id='line_1_35' title="bbox 295 4053 1469 4141; baseline -0.003 -19"><span class='ocrx_word' id='word_1_287' title='bbox 295 4077 392 4141; x_wconf 87' lang='lat' dir='ltr'>quam</span> <span class='ocrx_word' id='word_1_288' title='bbox 418 4060 455 4121; x_wconf 91' lang='lat' dir='ltr'>ut</span> <span class='ocrx_word' id='word_1_289' title='bbox 481 4055 573 4120; x_wconf 88' lang='lat' dir='ltr'>terris</span> <span class='ocrx_word' id='word_1_290' title='bbox 600 4055 640 4119; x_wconf 88' lang='lat' dir='ltr'>ad</span> <span class='ocrx_word' id='word_1_291' title='bbox 667 4075 753 4120; x_wconf 86' lang='lat' dir='ltr'>mare</span> <span class='ocrx_word' id='word_1_292' title='bbox 781 4055 996 4138; x_wconf 89' lang='lat' dir='ltr'>adjacentibus</span> <span class='ocrx_word' id='word_1_293' title='bbox 1023 4053 1213 4139; x_wconf 82' lang='lat' dir='ltr'>potiretur⁴,</span> <span class='ocrx_word' id='word_1_294' title='bbox 1241 4054 1390 4139; x_wconf 85' lang='lat' dir='ltr'>Syriam</span> <span class='ocrx_word' id='word_1_295' title='bbox 1412 4077 1469 4138; x_wconf 87' lang='lat' dir='ltr'>pe·</span> 
     </span>
    </p>

    <p class='ocr_par' dir='ltr' id='par_1_5' title="bbox 241 4160 1470 4460">
     <span class='ocr_line' id='line_1_36' title="bbox 241 4160 1469 4246; baseline 0.002 -23"><span class='ocrx_word' id='word_1_296' title='bbox 241 4168 276 4223; x_wconf 86' lang='grc'>35</span> <span class='ocrx_word' id='word_1_297' title='bbox 294 4163 355 4230; x_wconf 89' lang='lat' dir='ltr'>tiit.</span> <span class='ocrx_word' id='word_1_298' title='bbox 399 4161 437 4229; x_wconf 94' lang='lat' dir='ltr'>ln</span> <span class='ocrx_word' id='word_1_299' title='bbox 463 4161 576 4226; x_wconf 89' lang='lat' dir='ltr'>itinere</span> <span class='ocrx_word' id='word_1_300' title='bbox 603 4160 653 4226; x_wconf 93' lang='lat' dir='ltr'>illi</span> <span class='ocrx_word' id='word_1_301' title='bbox 679 4161 805 4227; x_wconf 85' lang='lat' dir='ltr'>litterae</span> <span class='ocrx_word' id='word_1_302' title='bbox 832 4183 852 4225; x_wconf 91' lang='lat' dir='ltr'>a</span> <span class='ocrx_word' id='word_1_303' title='bbox 873 4161 971 4226; x_wconf 90' lang='lat' dir='ltr'>Dario</span> <span class='ocrx_word' id='word_1_304' title='bbox 998 4161 1184 4240; x_wconf 89' lang='lat' dir='ltr'>redduntur,</span> <span class='ocrx_word' id='word_1_305' title='bbox 1213 4161 1329 4246; x_wconf 89' lang='lat' dir='ltr'>quibus</span> <span class='ocrx_word' id='word_1_306' title='bbox 1354 4165 1393 4226; x_wconf 90' lang='lat' dir='ltr'>ut</span> <span class='ocrx_word' id='word_1_307' title='bbox 1415 4183 1469 4226; x_wconf 88' lang='lat' dir='ltr'>su-</span> 
     </span>
     <span class='ocr_line' id='line_1_37' title="bbox 295 4267 1470 4352; baseline 0 -20"><span class='ocrx_word' id='word_1_308' title='bbox 295 4268 392 4351; x_wconf 88' lang='lat' dir='ltr'>perbe</span> <span class='ocrx_word' id='word_1_309' title='bbox 416 4267 561 4352; x_wconf 78' lang='lat' dir='ltr'>scriptis⁶</span> <span class='ocrx_word' id='word_1_310' title='bbox 583 4269 784 4332; x_wconf 89' lang='lat' dir='ltr'>vehementer</span> <span class='ocrx_word' id='word_1_311' title='bbox 807 4267 944 4332; x_wconf 82' lang='lat' dir='ltr'>offensus</span> <span class='ocrx_word' id='word_1_312' title='bbox 967 4275 1023 4334; x_wconf 86' lang='lat' dir='ltr'>eet.</span> <span class='ocrx_word' id='word_1_313' title='bbox 1068 4267 1242 4352; x_wconf 90' lang='lat' dir='ltr'>Praecipue</span> <span class='ocrx_word' id='word_1_314' title='bbox 1264 4291 1337 4335; x_wconf 92' lang='lat' dir='ltr'>eum</span> <span class='ocrx_word' id='word_1_315' title='bbox 1358 4268 1470 4345; x_wconf 73' lang='lat' dir='ltr'>movit,</span> 
     </span>
     <span class='ocr_line' id='line_1_38' title="bbox 297 4372 1470 4460; baseline -0.002 -21"><span class='ocrx_word' id='word_1_316' title='bbox 297 4372 401 4458; x_wconf 81' lang='lat' dir='ltr'>quod⁸</span> <span class='ocrx_word' id='word_1_317' title='bbox 422 4374 539 4440; x_wconf 87' lang='lat' dir='ltr'>Darius</span> <span class='ocrx_word' id='word_1_318' title='bbox 567 4373 627 4439; x_wconf 89' lang='lat' dir='ltr'>sibi</span> <span class='ocrx_word' id='word_1_319' title='bbox 654 4373 758 4460; x_wconf 73' lang='lat' dir='ltr'>regisl</span> <span class='ocrx_word' id='word_1_320' title='bbox 785 4373 930 4454; x_wconf 90' lang='lat' dir='ltr'>titulum,</span> <span class='ocrx_word' id='word_1_321' title='bbox 957 4395 1016 4440; x_wconf 88' lang='lat' dir='ltr'>nee</span> <span class='ocrx_word' id='word_1_322' title='bbox 1040 4372 1192 4440; x_wconf 83' lang='lat' dir='ltr'>eundem⁸</span> <span class='ocrx_word' id='word_1_323' title='bbox 1214 4373 1390 4440; x_wconf 86' lang='lat' dir='ltr'>Alexandri</span> <span class='ocrx_word' id='word_1_324' title='bbox 1411 4393 1470 4438; x_wconf 90' lang='lat' dir='ltr'>no·</span> 
     </span>
    </p>
   </div>
   <div class='ocr_carea' id='block_1_5' title="bbox 0 0 1545 4934">
    <p class='ocr_par' dir='ltr' id='par_1_6' title="bbox 0 0 1545 4934">
     <span class='ocr_line' id='line_1_39' title="bbox 0 0 1545 4934; baseline 0 0"><span class='ocrx_word' id='word_1_325' title='bbox 0 0 1545 4934; x_wconf 95' lang='lat' dir='ltr'> </span> 
     </span>
    </p>
   </div>
  </div>
 </body>
</html>
