3092 4938
686 280 726 340 13

122 475 193 518 cum
208 453 327 518 Parum
349 473 531 538 expugnare
546 457 653 537 posset
659 451 695 531 ¹⁶,
719 476 738 516 a
752 473 828 537 rege
843 457 1010 537 corruptus
1025 451 1151 517 infectis
1166 451 1297 517 rebus¹⁶

123 561 323 626 discessisset.
368 560 418 624 Eo
445 564 588 644 tempore
617 581 711 645 aeger
735 564 804 624 erat
826 559 1052 638 vulneribus¹⁷‚
1082 561 1218 644 quaein
1241 582 1297 644 op-

123 668 294 752 pugnando
321 665 474 750 oppido¹⁸
501 670 672 750 acceperat.
718 665 830 750 Itaque
858 688 929 732 cum
957 667 1027 750 ipse
1052 688 1110 750 pro
1139 689 1172 731 se
1195 667 1297 732 dicere

122 797 189 840 non
215 778 333 858 posset,
360 774 457 838 verba
483 773 626 838 fecerunt
648 773 820 858 propinqui
843 777 874 837 et
898 774 999 839 amici.
1045 772 1147 838 (lausa
1169 775 1298 859 cognita

127 881 237 966 capitis
260 877 466 959 absolutus14,
488 881 623 964 pecunia
644 880 797 944 multatus
814 884 871 959 est,
893 902 993 968 eaque
1007 881 1048 944 lis
1065 880 1295 966 quinquaginta
1312 895 1329 947 5

123 989 249 1053 talentis
272 988 436 1052 aestimata
460 985 547 1051 est¹⁹
591 987 683 1052 Hanc
706 988 872 1071 pecuniam
897 989 982 1072 quod
1005 988 1127 1053 solvere
1150 988 1183 1052 in
1205 1011 1295 1072 prae·

122 1095 223 1160 sentia
245 1117 309 1159 non
324 1099 458 1178 poterat,
479 1095 514 1158 in
528 1094 656 1158 vincula
670 1095 799 1177 publica
815 1095 975 1177 conjectus
992 1092 1074 1160 est²⁰
1088 1094 1195 1180 ibique
1212 1095 1294 1160 diem
1374 1085 1379 1098 '

123 1203 202 1267 obiit
225 1200 444 1286 supremum.²¹

167 1405 217 1463 10.
262 1397 383 1461 Verum
414 1397 474 1461 etsi
506 1397 636 1462 crimine
663 1395 779 1460 Pariol
812 1402 860 1462 est
888 1402 1064 1476 accusatus,
1097 1403 1203 1462 tamen
1233 1397 1296 1462 alia

122 1527 216 1570 causa
237 1503 299 1568 fuit
321 1504 540 1568 damnationis.
585 1501 731 1587 Namque
754 1503 965 1568 Athenienses
988 1509 1118 1588 propter
1138 1505 1295 1570 Pisistrati
1316 1517 1348 1568 10

119 1611 332 1698 tyrannidem,
371 1633 451 1695 quae
482 1611 592 1694 paucis
624 1611 714 1674 annis
748 1609 840 1675 ante²
871 1611 987 1690 fuerat,
1021 1633 1147 1676 omnem
1179 1612 1294 1677 civium

120 1741 250 1783 suorum
272 1715 467 1802 potentiam8
489 1718 740 1782 extimescebant.
779 1717 939 1782 Miltiades
956 1719 1092 1782 multum
1107 1719 1139 1782 in
1154 1719 1294 1803 imperiis

119 1825 422 1910 magistratibusque
453 1822 615 1890 versatus4
642 1847 707 1889 non
738 1825 900 1890 videbatur
927 1847 1019 1909 posse
1048 1847 1115 1890 esse
1142 1825 1294 1908 privatus,

119 1933 304 2018 praesertim
343 1954 414 1996 cum
452 1931 679 1996 consuetudine
717 1933 756 1996 ad
794 1933 921 2016 imperii
954 1932 1158 2016 cupiditatem
1190 1931 1294 1997 trahi⁵

119 2039 286 2104 videretur.
336 2038 421 2103 Nam
452 2039 486 2102 in
513 2038 708 2103 Chersoneso
741 2061 849 2104 omnes
877 2039 963 2120 illos,
997 2037 1098 2124 quos⁶
1125 2039 1293 2116 habitarat,
1314 2049 1347 2101 15

120 2167 221 2210 annos
251 2149 436 2229 perpetuam
464 2145 644 2209 obtinuerat
671 2146 917 2209 dominationem
945 2151 1162 2230 tyrannusque
1190 2146 1295 2210 fuerat

120 2253 299 2336 appellatus
323 2253 377 2316 sed
396 2251 509 2336 justus,
546 2251 622 2316 Nou
643 2256 709 2315 erat
726 2252 809 2315 euim
825 2253 857 2316 vi
872 2251 1078 2317 consecutus⁷
1094 2254 1147 2316 sed
1164 2273 1293 2316 suorum

117 2359 309 2438 voluntate⁸‚
326 2382 457 2443 eamque
472 2357 682 2443 potestatem⁰
697 2359 839 2424 bonitate
854 2360 1019 2424 retinebat.
1053 2359 1170 2424 Omnes
1187 2364 1292 2424 autem

119 2472 152 2532 et
173 2467 330 2531 habentur
353 2471 385 2530 et
407 2467 554 2531 dicuntur
575 2463 745 2550 tyrannim,
770 2467 825 2551 qui
844 2471 1001 2549 potestate
1016 2471 1091 2531 sunt
1105 2465 1293 2551 perpetua11

118 2575 152 2638 in
175 2597 212 2638 ea
235 2571 406 2652 civitatee,
428 2595 509 2657 quae
531 2573 678 2638 libertate
702 2597 759 2638 usa
786 2571 872 2638 est.18
918 2573 979 2638 Sed
1001 2573 1034 2636 in
1058 2574 1202 2638 Miltiade
1226 2578 1293 2638 erat
1310 2580 1346 2634 20

121 2704 192 2745 cum
215 2703 336 2746 summa
358 2681 547 2760 humanitas,
571 2685 640 2744 tum
663 2681 743 2744 mira
759 2681 899 2758 comitas,
922 2685 958 2744 ut
973 2702 1066 2744 nemo
1081 2685 1147 2744 tam
1162 2681 1291 2745 humilis

119 2793 215 2865 esset,
238 2789 289 2852 cui
311 2809 376 2852 non
399 2788 440 2851 ad
463 2810 533 2852 eum
557 2789 661 2852 aditus
684 2785 849 2870 pateret¹⁴‚
872 2809 988 2872 magna
1011 2788 1184 2852 auctoritas
1207 2789 1292 2871 apud

118 2917 226 2960 omnes
259 2895 414 2972 civitates,
452 2895 559 2958 nobile
590 2916 719 2973 nomen,
751 2893 821 2958 laus
853 2894 900 2957 rei
932 2891 1114 2958 militaris¹⁵
1145 2894 1290 2958 maxima.

118 3002 207 3067 Haec
229 3002 368 3086 populus
390 3001 558 3085 respiciens
581 3002 694 3066 maluit
717 3025 788 3066 eum
811 3001 976 3065 innoxium
999 3000 1109 3084 plecti,
1139 3023 1235 3085 quam
1258 3023 1291 3065 se

119 3109 237 3173 diutius
260 3131 327 3174 esse
349 3109 383 3172 in
406 3108 527 3174 timore.
1070 3107 1079 3125 ‘
1310 3111 1344 3165 25

459 3332 461 3338 ’
533 3377 566 3441 4.
600 3375 871 3443 rhemnona.

186 3557 213 3617 1.
260 3552 489 3618 Themistocles
520 3553 651 3618 Neoclis
689 3553 772 3617 filins
804 3551 1008 3617 Atheniensis
1044 3551 1122 3616 vitia
1153 3552 1290 3617 ineuntis

116 3659 347 3724 adulescentiae
375 3661 499 3745 magnis
523 3660 702 3724 emendavit
724 3659 909 3738 virtutibus,
937 3660 1013 3723 adeo
1037 3664 1074 3722 ut
1097 3660 1291 3725 anteferatur

116 3765 147 3829 ei
174 3787 281 3844 nemo,
307 3767 400 3850 pauci
422 3766 532 3850 pares¹
555 3769 715 3849 putentur.
762 3767 824 3832 Sed
847 3767 887 3830 ab
911 3766 1002 3830 initio
1025 3771 1073 3831 est
1096 3767 1289 3832 ordiendum.

114 3872 211 3936 Pater
248 3873 316 3956 ejus
353 3872 489 3938 Neocles
527 3894 699 3957 generosus
736 3873 806 3937 tm.
850 3873 883 3938 Is
920 3896 1052 3938 uxorem
1089 3874 1289 3938 Acarnanam
1308 3892 1343 3946 30

114 3979 235 4043 civem²
258 3979 357 4058 duxit,
380 3979 436 4044 ex⁸
459 4003 522 4065 qua
545 3986 638 4045 natus
663 3985 711 4045 est
730 3981 967 4046 Themistocles.
1006 3981 1068 4058 Qui
1091 4003 1162 4045 cum
1184 3981 1288 4044 minus

114 4091 197 4150 esset
228 4087 382 4170 probatus
414 4087 611 4170 parentibus,
644 4086 746 4171 quod4
779 4092 810 4150 et
837 4087 987 4152 liberius⁶
1015 4088 1141 4152 vivebat
1169 4093 1200 4152 et
1222 4109 1289 4152 rem

113 4193 302 4258 familiarem
333 4195 529 4280 negligebat,
562 4218 581 4258 a
612 4200 702 4277 patre
734 4195 942 4258 exheredatus
975 4199 1030 4259 est.
1076 4192 1182 4271 Quae⁰
1215 4215 1287 4258 con-

114 4301 246 4364 tumelia
268 4322 333 4365 non
355 4301 451 4386 fregit
474 4323 546 4365 eum
569 4302 624 4365 sed
648 4301 756 4366 erexit.
799 4300 884 4366 Nam
907 4323 980 4366 cum
999 4301 1169 4384 judicasset
1177 4300 1198 4379 ⁷,
1221 4302 1288 4366 sine

114 4429 238 4470 summa
269 4407 423 4471 industria
454 4429 519 4471 non
549 4429 643 4490 posse
671 4429 741 4471 eam
769 4407 939 4492 exstingui,
966 4405 1090 4471 totum⁸
1113 4428 1147 4471 se
1170 4407 1287 4472 dedidit
1306 4416 1340 4470 35
