3092 4938
833 257 873 315 30

265 427 326 490 iter
348 425 627 490 intercludentes¹⁵
642 427 718 491 vicit
741 429 781 491 ad
796 427 1008 512 Tanagram
1032 426 1184 511 oppidum
1200 429 1240 513 (a.
1257 428 1344 513 467).
1380 427 1436 493 La-

267 532 458 596 cedaemonii
486 531 646 598 Thebanis
678 533 884 598 Boeotiorum
910 534 1078 618 imperium
1104 534 1323 613 restituerunt,
1355 537 1437 618 quod

266 639 460 722 temporibus
468 637 496 675 1⁶
526 639 605 703 belli
631 640 751 705 Persici
783 641 961 719 amiserant,
993 645 1025 705 et
1055 641 1142 724 pacti
1175 640 1292 720 sunt17,
1323 645 1359 705 ut
1390 641 1437 705 illi

267 744 527 810 Atheniensium⁸
549 746 670 810 bellum
693 747 902 831 susciperent,
924 747 985 830 ipsi
1008 770 1064 831 per
1086 746 1251 826 Isthmum,
1274 748 1437 832 Megaren-

232 865 247 917 5
267 852 349 916 sium
376 872 471 936 agros
500 851 726 937 depopulati1⁸‚
755 853 902 918 domum⁶
924 854 1091 918 redierunt.
1139 853 1201 919 Sed
1224 853 1333 918 victi¹⁹
1355 854 1437 919 The·

266 959 342 1023 bani
357 957 598 1022 Atheniensium
617 962 724 1041 partes
746 958 870 1043 sequi²⁰
893 961 994 1024 coacti
1017 965 1099 1026 sunt.
1138 960 1260 1025 Deinde
1277 960 1438 1025 Tolmldes

267 1064 521 1148 Peloponnesum
553 1065 653 1130 classe
686 1066 919 1130 circumvehens
951 1066 1273 1131 Lacedaemoniorum
1311 1067 1439 1153 agros²1

266 1171 410 1235 vastavit.
471 1170 531 1235 His
573 1171 666 1236 malis
709 1173 804 1236 fracti
841 1171 1080 1237 Lacedaemonii
1123 1173 1261 1238 indutias
1299 1174 1439 1258 quinque

232 1289 428 1354 *annorum
452 1277 563 1342 deinde
586 1301 696 1362 pacem
719 1278 787 1342 in22
810 1301 909 1344 annos
931 1279 1022 1343 XXX
1046 1281 1085 1365 (a.
1110 1280 1188 1364 445)
1212 1279 1399 1347 leceruntll.

216 1450 249 1503 10
314 1446 341 1505 2.
387 1437 449 1504 Sed
475 1443 542 1504 tam
569 1441 701 1525 longum
729 1441 829 1504 otium
851 1440 1034 1506 inimicitiae
1057 1463 1122 1505 non
1145 1441 1295 1506 tulerunt.
1341 1441 1442 1506 Arma

267 1545 299 1609 in
327 1545 460 1630 triginta
486 1567 585 1611 annos
612 1548 715 1629 posita
740 1548 807 1630 jam
835 1547 946 1631 quinto
975 1547 1094 1611 decimo
1124 1570 1206 1612 anno
1234 1547 1326 1631 post1
1349 1553 1441 1632 capta

268 1655 342 1716 sunt
364 1656 403 1734 (a.
428 1653 515 1739 431).
560 1652 799 1718 Lacedaemonii
825 1658 920 1738 rupto
949 1652 1093 1718 foedere²
1116 1654 1194 1718 fines
1218 1653 1343 1719 Atticos
1366 1677 1441 1740 rege

268 1756 497 1823 Archidamo
531 1759 628 1824 duce³
654 1760 849 1843 populantur
880 1765 924 1840 et,
956 1783 996 1824 ne
1028 1760 1179 1846 praedam
1212 1761 1318 1845 potius
1346 1785 1442 1846 quam

267 1886 408 1949 pugnam
441 1867 596 1949 expetisse
628 1866 836 1945 viderentur4,
867 1868 974 1932 hostes
1006 1868 1046 1932 ad
1074 1867 1232 1951 proelium
1259 1875 1442 1951 provocant.

217 1983 249 2036 15
269 1971 330 2036 Sed
354 1972 577 2052 Athenienses,
607 1974 697 2038 cum5
719 1979 844 2057 praeter
867 1975 990 2039 moenia
1013 1975 1094 2039 nihil
1116 1979 1267 2055 tenerent,
1290 1974 1443 2040 consilio⁶

269 2078 399 2143 Periclis
422 2079 455 2143 in
479 2081 576 2145 aciem
601 2103 666 2146 non
688 2082 882 2164 prodierunt,
905 2081 1191 2166 supervacaneam⁷
1213 2103 1354 2167 pugnam
1377 2083 1442 2146 exi-

270 2187 445 2265 stimantes,
474 2208 545 2251 cum
572 2187 681 2252 ulcisci
708 2189 923 2274 populationis
946 2188 1093 2272 injuriam
1117 2187 1183 2252 sine
1206 2189 1347 2272 periculo
1370 2211 1443 2272 pos-

269 2297 347 2357 sent.
392 2293 498 2358 Naves
527 2297 740 2360 conscendunt
768 2301 799 2360 et
826 2295 907 2359 nihil
936 2295 1145 2360 sentientibus
1167 2295 1444 2360 Lacedaemoniis⁸

269 2403 369 2462 totam
392 2399 578 2465 Laconicam
602 2403 841 2486 depopulantur.

216 2567 251 2622 20
316 2564 344 2622 3.
390 2557 601 2624 Athenienses
629 2582 667 2624 ex
696 2559 818 2625 diutina
846 2561 1046 2626 conclusione
1054 2561 1075 2640 ²,
1103 2584 1174 2626 cum
1202 2563 1277 2626 urbs
1300 2563 1444 2627 multitu·

270 2665 342 2730 dine
374 2665 539 2730 hominurn
568 2689 607 2730 ex
634 2665 738 2752 agris²
765 2667 850 2732 intra
877 2690 984 2732 muros
1018 2668 1271 2753 confugientium
1303 2668 1447 2732 conferta

271 2775 360 2850 esset,
382 2772 472 2856 gravi
495 2773 674 2856 pestilentia
697 2773 868 2838 conflictati
891 2778 971 2839 sunt.
1015 2775 1113 2840 Multi
1135 2776 1247 2839 morbo
1270 2775 1446 2858 perierunt3

216 2887 247 2916 *⁴*
270 2877 438 2941 Pericles
467 2900 606 2962 quoque,
635 2879 691 2962 qui
719 2885 750 2944 et
777 2881 965 2946 auctoritate
993 2886 1024 2945 et
1053 2881 1234 2964 eloquentia
1258 2885 1289 2945 et
1313 2881 1446 2946 consilio

269 2982 434 3068 princeps⁸
461 2985 524 3050 fuit
550 2985 687 3050 civitatis
715 2989 811 3071 atque
838 2987 910 3052 inde
938 2989 978 3052 ab
1006 3010 1090 3053 anno
1121 2987 1324 3053 ccccxnlv
1352 2989 1447 3072 quin-

216 3100 251 3153 25
270 3091 371 3155 decim
397 3091 463 3156 fere
491 3090 609 3156 annos⁴
632 3093 769 3175 praefuit
797 3099 829 3159 et
856 3095 985 3159 urbanis
1013 3099 1045 3159 et
1073 3095 1194 3160 bellicis
1217 3094 1339 3174 rebusl,
1362 3095 1448 3160 febri

270 3201 432 3281 correptus
471 3203 519 3262 est
556 3199 595 3284 (a.
629 3199 714 3284 429).
774 3199 843 3265 Nec
879 3205 986 3264 tamen
1025 3205 1181 3266 cessatum
1220 3201 1366 3286 deinceps
1405 3203 1446 3267 ab

271 3305 411 3389 utrisque
449 3304 525 3385 est‘,
563 3306 640 3390 quin
678 3312 734 3371 aut
771 3312 856 3372 terra
894 3313 949 3372 aut
986 3307 1086 3372 mari²
1124 3309 1212 3374 varia
1249 3309 1447 3393 proeliorum

269 3411 417 3478 fortuna⁸
439 3413 575 3478 invicem
598 3435 632 3478 se
655 3414 874 3480 trucidarentl.
921 3415 1063 3492 Quorum
1087 3416 1280 3499 proeliorum
1308 3416 1447 3480 maxime

270 3517 407 3602 insignia
429 3518 565 3599 fuerunt,
589 3542 669 3604 quae
693 3521 776 3586 cirea
799 3521 1058 3605 Sphacteriam
1083 3523 1221 3587 insulam
1245 3528 1276 3587 et
1299 3523 1338 3588 ad
1362 3521 1447 3586 Arn-

216 3633 251 3686 30
271 3623 458 3707 phipolim
490 3627 657 3692 commissa
688 3632 771 3692 sunt.
816 3629 979 3694 Postremo
1011 3629 1086 3694 fessi
1118 3633 1168 3694 tot
1195 3629 1287 3694 malis
1315 3633 1449 3694 auctore
1541 3683 1542 3688 ,

270 3729 383 3795 Nicia⁹
405 3753 515 3814 pacem
542 3732 575 3796 in
603 3755 702 3798 annos
724 3733 749 3798 L
772 3733 922 3813 fecerunt,
946 3757 1038 3819 quarn
1064 3757 1127 3800 non
1150 3733 1245 3800 nisi¹⁰
1268 3757 1322 3800 sex
1345 3758 1448 3800 annos

271 3842 481 3902 servaverunt.
526 3837 612 3903 Nam
643 3839 790 3919 indutias,
823 3863 901 3925 quas
929 3863 985 3906 suo
1014 3843 1171 3907 nomine11
1196 3847 1448 3926 composuerant,

271 3967 309 4009 ex
352 3945 510 4010 sociorum
552 3967 687 4030 persona
728 3947 964 4030 rumpebant¹²,
1007 3949 1098 4033 quasi
1139 3949 1243 4014 minus
1281 3948 1449 4033 perjurii¹³

271 4052 507 4131 contraherent,
530 4053 558 4116 si
580 4053 715 4118 ferentes
739 4055 832 4119 sociis
855 4054 987 4135 auxilia,
1015 4079 1110 4140 quam
1135 4057 1162 4120 si
1190 4061 1299 4140 aperto
1322 4057 1449 4140 proelio

217 4165 252 4219 35
272 4158 481 4224 dimicassent.
536 4157 663 4224 Bellum
696 4161 734 4245 (a.
768 4162 845 4247 415)
878 4163 919 4226 ab
952 4161 1200 4228 Atheniensibus
1238 4164 1271 4228 in
1304 4161 1449 4228 Siciliam

270 4265 461 4329 translatum
489 4270 549 4344 est,
578 4265 696 4349 quod1⁴
722 4268 907 4354 priusquam
934 4290 1066 4352 expono,
1090 4270 1128 4334 de
1152 4270 1317 4336 Alcibiade
1340 4270 1448 4334 dicen-

271 4370 346 4434 dum
370 4375 425 4437 est.
