3074 4934
706 278 767 338 125

145 450 198 514 Ad
225 450 303 514 haec
325 449 505 514 Poenorum
531 451 616 515 mala
645 450 740 514 etiam
768 448 907 515 deletus8
934 450 968 514 in
991 449 1100 516 Sicilia
1128 473 1200 515 cum
1222 451 1320 535 impe·

144 561 250 621 ratore
283 557 438 622 exercitus
470 557 558 622 velut
590 557 718 642 quidam
751 579 972 622 aerumnarum
1004 556 1149 621 cumulus
1182 557 1321 623 accessit.

144 663 232 728 Nam
253 668 328 749 post
349 664 578 748 profectionem
603 688 622 729 a
645 664 755 730 Sicilia
771 664 960 749 Agathoclis
983 665 1014 728 in
1039 663 1204 729 obsidione
1227 663 1321 748 Syra·

145 792 291 835 casarum
319 769 418 834 Poeni
445 771 605 855 segniores
632 770 711 835 facti
740 771 779 835 ab
809 771 974 836 Antandro
1001 770 1100 834 fratre
1126 771 1210 856 regis
1234 769 1320 854 Aga-

144 877 262 942 thoclis
289 877 449 941 occidione
472 877 556 942 caesi
579 875 836 943 nuntiabantur*¹
882 877 1008 942 Interea
1030 876 1225 962 Agathocles
1247 897 1320 960 pro·
1339 886 1356 939 5

144 983 264 1069 fligatis
291 983 325 1047 in
351 983 461 1048 Africa
487 984 648 1062 hostibus,
677 983 815 1049 tradito⁶
844 982 1049 1069 Archagatho
1078 983 1145 1047 filio
1173 983 1321 1062 exercitu,

145 1091 180 1154 in
203 1089 343 1156 Siciliam
370 1091 514 1168 recurrit,
542 1091 623 1156 nihil
651 1095 756 1156 actum
784 1092 817 1155 in
840 1090 952 1156 Africa
980 1089 1176 1165 existimans,
1204 1090 1231 1153 si
1254 1111 1320 1153 am·

144 1197 229 1280 plius
244 1197 418 1282 Syracusae
442 1198 669 1264 obsiderentur.
714 1197 800 1264 Nam
821 1203 895 1283 post
918 1195 1075 1264 occisum8
1098 1197 1320 1270 Hamilcarem,

145 1303 295 1389 Gisgonis
327 1305 440 1385 filium,
472 1327 574 1371 novus
607 1328 644 1371 eo
678 1328 697 1369 a
729 1306 844 1370 Poenis
875 1305 990 1370 missus
1023 1304 1177 1369 exercitus
1208 1304 1320 1368 fuerat.

144 1409 262 1475 Statim
283 1411 384 1496 igitur
405 1411 508 1497 primo
531 1410 687 1477 adrentu⁰
711 1413 779 1496 ejus
803 1412 929 1478 Siciliae
951 1412 1055 1490 urbes,
1078 1410 1195 1476 auditis
1218 1410 1320 1488 rebus,
1340 1418 1373 1473 10

145 1540 225 1602 quas
246 1517 280 1582 in
303 1519 413 1583 Africa
436 1523 588 1604 gesserat,
617 1520 761 1584 certatim
785 1541 818 1584 se
842 1520 871 1584 ei
893 1520 1035 1596 tradunt3
1065 1523 1159 1602 atque
1182 1517 1228 1582 ita
1249 1517 1320 1601 pul·

144 1624 191 1689 sis
226 1647 243 1689 e
275 1623 382 1690 Sicilia
413 1624 528 1690 Poenis
565 1625 664 1690 totius
695 1626 818 1690 insulae
849 1626 1016 1708 imperium
1054 1624 1228 1708 occuparit.
1284 1623 1322 1688 ln

143 1731 288 1796 Africam
326 1733 436 1797 deinde
473 1755 617 1798 reversus
655 1733 810 1798 seditione
847 1732 987 1798 militum
1019 1732 1182 1815 excipitur.
1236 1729 1321 1794 Nam

144 1839 374 1922 stipendiorum
407 1840 521 1906 solutio
552 1841 586 1905 in
614 1841 783 1906 adventum
812 1840 911 1925 patris
940 1841 1039 1904 dilata
1067 1862 1086 1903 a
1113 1839 1180 1903 filio
1208 1837 1321 1902 fuerat

143 1945 257 2028 Itaque
285 1944 324 2010 ad
352 1946 531 2012 contionem
559 1952 689 2012 vocatos
712 1947 837 2012 blandis
860 1947 964 2011 verbis
987 1945 1166 2030 permulsit:
1195 1943 1374 2028 Stipen-15

144 2051 198 2116 dia
228 2051 293 2116 illis
323 2073 388 2116 non
420 2075 439 2116 a
470 2074 503 2117 se
535 2053 710 2138 flagitanda
742 2075 822 2132 esse,
855 2053 909 2117 sed
941 2047 984 2116 ab
1008 2053 1102 2117 hoste
1130 2051 1320 2135 quaerenda;

144 2180 344 2224 communem
375 2159 552 2240 victoriam,
589 2181 788 2225 communem
819 2161 969 2244 praedam
1000 2160 1149 2224 futuram.
1205 2157 1320 2224 Sedato

142 2265 276 2330 militari
307 2267 448 2331 tumultu
480 2269 520 2332 ad
551 2272 655 2332 castra
688 2269 828 2333 hostium
860 2267 1029 2332 exercitum
1063 2265 1163 2344 ducit3
1195 2265 1241 2328 ibi
1272 2265 1320 2328 in·

144 2372 320 2438 consultius
357 2372 512 2456 proelium
546 2373 792 2440 committendo⁷
824 2375 977 2459 majorem
1008 2377 1132 2458 partem
1164 2372 1320 2436 exercitus

141 2479 288 2564 perdidit.
1339 2486 1373 2541 20

191 2683 220 2743 3.
265 2676 345 2742 Cum
375 2677 409 2740 in
442 2681 545 2742 castra
575 2678 711 2762 fugisset
742 2701 928 2763 versamque
959 2678 993 2741 in
1025 2699 1058 2742 se
1089 2677 1242 2741 invidiam
1273 2679 1320 2740 te·

142 2805 230 2848 mere
259 2783 420 2848 commissi
446 2783 579 2868 proelii1
607 2784 728 2848 videret
754 2783 983 2869 pristinamque
1005 2785 1158 2850 offensam
1181 2804 1245 2846 uon
1268 2783 1320 2846 de-

141 2888 254 2974 pensi*
281 2889 429 2974 stipendii
456 2893 626 2969 metueret,
653 2891 807 2954 concubia
834 2894 927 2955 nocte
954 2891 1041 2955 solus
1070 2913 1086 2954 e
1114 2890 1224 2955 castris
1247 2910 1320 2973 pro·

141 2997 229 3082 fugit
259 2997 468 3080 navibusque,
500 2997 615 3081 quibus
648 3019 792 3062 reversus
820 3021 839 3063 a
866 2997 974 3063 Sicilia
1000 2997 1117 3076 fuerat,
1149 2997 1321 3081 Syracusas

141 3105 289 3169 defertur.
334 3103 465 3169 Interim
487 3104 520 3167 in
544 3103 654 3168 Africa
675 3109 749 3188 port
771 3105 882 3190 fugam
903 3105 989 3189 regis
1011 3105 1143 3182 milites,
1172 3105 1320 3188 pactione
1338 3110 1373 3164 25

142 3233 217 3277 cum
231 3211 377 3276 hostibus
400 3209 513 3290 factal,
535 3210 709 3276 interfectis
724 3211 914 3297 Agathoclis
937 3212 1054 3290 liberis,
1078 3210 1319 3296 Carthaginien-

141 3319 231 3383 sibus
269 3339 303 3382 se
333 3318 539 3383 tradiderunt.
594 3318 694 3382 Poeni
726 3320 766 3382 ad
797 3319 1028 3403 persequendas
1060 3318 1137 3382 belli
1168 3318 1319 3402 reliquias

141 3428 237 3490 duces
275 3425 309 3488 in
341 3423 482 3490 Siciliam
520 3411 687 3502 miserunt,
726 3447 798 3488 cum
835 3425 951 3509 quibus
983 3424 1178 3510 Agathocles
1209 3445 1319 3508 pacem

141 3533 252 3616 aequis
276 3531 508 3596 conditionibus
531 3533 614 3596 fecit.

233 3639 355 3703 Deinde
383 3639 475 3722 quasi
501 3638 596 3704 nimis
624 3640 768 3723 angustis
795 3639 917 3704 insulae
945 3639 1089 3704 terminis
1113 3639 1318 3718 clauderetur,
1337 3643 1372 3698 30

140 3747 177 3811 in
198 3745 326 3811 Italiam
348 3747 551 3812 transcendit.
595 3745 695 3811 Primi
717 3747 816 3831 igitur
839 3747 947 3812 hostes
969 3747 1019 3810 illi
1041 3747 1160 3812 Bruttii
1182 3746 1319 3824 fuerunt,

141 3852 199 3937 qui
234 3853 353 3917 multas
384 3853 528 3918 civitates
561 3853 673 3919 Graeci
704 3853 861 3919 nominis4
891 3853 987 3918 Italia
1019 3855 1204 3938 expulerant
1257 3851 1319 3917 Sed

139 3960 316 4043 interjectis
353 3959 463 4044 paucis
501 3961 611 4025 diebus
647 3963 763 4026 reverti
795 3984 867 4025 eum
897 3961 931 4025 in
963 3961 1106 4028 Siciliam
1136 3961 1184 4024 vis
1216 3959 1319 4024 morbi
1405 3957 1411 3970 '

140 4066 262 4150 coegit,
295 4089 358 4151 quo
390 4071 534 4132 mortuus
563 4072 618 4132 est.
670 4067 960 4152 Carthaginienses,
992 4066 1149 4155 cognitis⁶
1177 4087 1257 4150 quae
1285 4066 1318 4129 in

141 4172 252 4238 Sicilia
290 4173 478 4258 agebantur,
517 4175 714 4238 occasionem
745 4175 845 4240 totius
876 4175 999 4240 insulae
1031 4175 1231 4258 occupandae
1263 4172 1316 4236 da·
1335 4177 1369 4232 35

140 4285 210 4344 tam
241 4279 302 4343 sibi
335 4280 547 4345 existimantes
579 4281 703 4366 magnis
734 4281 854 4346 viribus
882 4303 920 4346 eo
947 4281 1110 4364 trajiciunt
1137 4280 1318 4362 multasque

141 4385 287 4451 civitates
310 4387 469 4472 subigunt.
