3074 4934
828 276 890 336 100

267 422 360 487 moda
391 430 548 508 valetudo
583 452 639 515 est.
693 445 794 527 lllifl,
832 449 889 531 qui
919 448 953 513 in
984 448 1116 513 urbibus
1148 449 1281 533 degunt,
1314 447 1441 512 sidemm

270 535 374 598 motus
413 540 497 610 scite
530 559 675 636 spectare
707 554 856 620 dicuntur
887 559 919 619 et
950 554 1059 620 futura
1089 554 1277 638 praedicere.
1334 551 1442 619 Deos¹⁸

271 643 397 723 PUlssssb
429 653 589 743 quidquid
621 662 724 728 colere
756 662 790 726 in
816 666 956 727 mentem
983 659 1118 741 venien,
1151 661 1280 726 arbores
1308 661 1444 740 maxime,

273 769 351 832 quas
373 751 497 827 violare
520 768 611 834 nefas
635 773 691 834 est

239 972 256 1026 5
321 974 372 1035 52.
418 971 604 1048 Alexandro
631 983 710 1047 fines
732 981 841 1050 Indiae
864 982 1007 1067 ingresso
1030 981 1171 1066 gentium
1195 982 1329 1046 duarum
1351 981 1448 1066 reguli

276 1089 493 1165 occurrerunt,
520 1087 612 1154 illum
638 1088 770 1154 tertium
792 1087 873 1153 Jove
901 1089 1046 1174 genitum
1069 1089 1108 1153 ad
1131 1109 1165 1152 sc
1187 1088 1368 1172 pervenisse
1391 1109 1449 1152 me·

276 1191 449 1270 morantes;
472 1198 596 1278 patrem
618 1196 769 1262 Liberum
791 1198 887 1279 atque
910 1194 1081 1260 Herculem
1102 1194 1188 1258 fama
1211 1195 1357 1279 cognitos
1381 1216 1451 1271 esse,

276 1291 382 1379 ipsum
419 1320 525 1368 coram
563 1304 671 1368 adesse
708 1302 864 1386 cernique.
917 1301 987 1366 Rex
1016 1301 1154 1386 benigne
1186 1304 1333 1385 exceptos
1366 1299 1452 1384 sequi

276 1402 387 1488 jussit,
417 1405 548 1474 iisdem1
581 1409 731 1474 itinerum
760 1409 891 1474 ducibus
918 1430 1041 1474 usurus.
1092 1407 1172 1472 Cum
1199 1407 1335 1491 amplius
1362 1428 1452 1472 nemo

228 1515 261 1572 10
281 1519 472 1594 occurreret,
504 1515 774 1600 Hephaestionem
806 1520 838 1580 et
864 1513 1046 1580 Perdiccam
1078 1536 1149 1580 cum
1177 1514 1340 1598 copiarum
1367 1518 1454 1598 parte

245 1621 441 1705 *praemisit
474 1623 514 1686 ad
545 1622 751 1707 subigendos,
782 1622 838 1706 qui
870 1625 1052 1686 recusarent
1083 1620 1265 1705 imperium
1299 1621 1455 1704 jussitque

280 1729 320 1794 ad
346 1729 464 1800 flumen
486 1729 600 1794 Indum
626 1727 812 1813 procedere2
840 1733 872 1794 et
898 1727 1029 1812 navigia
1057 1727 1174 1806 facere,
1207 1728 1323 1811 quibua
1354 1731 1456 1791 trans-

279 1837 401 1920 portari
432 1841 539 1921 posset
571 1835 735 1902 exercitus.
790 1834 857 1914 Illi,
890 1835 965 1919 quia
996 1835 1088 1919 plura
1118 1833 1250 1898 flumina
1282 1835 1457 1918 superanda

281 1948 382 2023 erant,
414 1943 459 2008 sic
486 1943 662 2028 junxerunt
691 1962 801 2019 naves,
835 1945 871 2006 ut
897 1941 1021 2006 solutae
1049 1941 1199 2026 plaustris
1230 1940 1302 2005 vehi
1329 1944 1458 2025 possent

229 2057 261 2112 15
280 2072 451 2135 rursusque
474 2048 635 2134 conjungi.

367 2158 444 2224 Inde
476 2157 597 2222 domita
628 2155 765 2241 ignobili
797 2159 892 2241 gente
925 2155 964 2220 ad
992 2153 1116 2239 Nysam
1147 2152 1279 2219 urbem8
1306 2154 1459 2238 pervenit.
1532 2205 1533 2240 ,

280 2265 439 2351 Oppidani
470 2262 642 2329 obsidionis
674 2261 768 2326 malis
800 2261 928 2346 fatigati
961 2261 1107 2326 dedidere
1135 2283 1177 2326 se.
1229 2260 1315 2326 Hinc
1343 2261 1382 2346 ad
1410 2282 1461 2324 re-
1533 2263 1535 2354 ζ

279 2373 422 2459 gionem,
455 2392 537 2456 quae
564 2367 726 2434 Daedala8
753 2373 899 2448 vocatur,
926 2373 1113 2451 perventum
1141 2372 1197 2433 est
1247 2367 1463 2432 Deseruerant
1535 2384 1536 2412 ι

279 2480 402 2544 incolae
440 2479 529 2542 sedes
568 2480 599 2540 et
636 2477 669 2540 in
708 2475 795 2540 avios
833 2475 1055 2559 silvestresque
1086 2479 1210 2540 montes
1243 2475 1464 2558 confugerant.

245 2587 368 2670 *Ergo
398 2585 438 2649 ad
465 2583 605 2649 Acadira
632 2580 804 2666 oppidum8
831 2583 946 2647 transit
976 2604 1076 2667 aeque
1103 2582 1290 2648 destitutum
1319 2581 1464 2646 incolen-

247 2692 364 2756 *tium
379 2690 466 2775 fuga.
511 2689 624 2773 Itaque
639 2688 798 2753 rationem
812 2689 890 2754 belli
911 2689 1072 2766 mutavit„
1101 2689 1221 2754 Divisis
1244 2688 1329 2752 enim
1351 2687 1467 2772 copiis,

281 2796 428 2883 pluribus
456 2795 553 2861 simul
580 2795 658 2861 locis
686 2817 774 2860 arma
801 2795 953 2875 ostendit,
985 2795 1213 2881 oppressique,'
1235 2795 1291 2860 ubi
1317 2816 1382 2860 non
1409 2816 1468 2859 ex-

282 2906 502 2989 spectaverant
516 2903 651 2981 hostem,
666 2902 837 2986 perdomiti
851 2905 933 2967 sunt.
972 2902 1174 2966 Ptolemaeus
1189 2902 1342 2986 plurimas
1358 2902 1471 2978 urbes,

283 3009 465 3075 Alexander
489 3007 646 3074 maximas
669 3008 764 3093 cepit3
792 3031 976 3093 rursusque,
1005 3031 1083 3094 quas
1108 3009 1326 3088 distribuerat,
1354 3009 1472 3094 copias

228 3133 263 3188 25
279 3116 393 3202 junxit„
439 3115 562 3181 Deinde
589 3115 688 3180 sextis
716 3115 844 3180 decimis
873 3113 1005 3181 castris4
1032 3116 1072 3180 ad
1094 3115 1212 3180 fiumen
1233 3115 1369 3180 Indum
1391 3138 1474 3200 per-

281 3223 369 3290 venit
391 3222 575 3308 omniaque,
603 3227 640 3287 ut
661 3226 875 3307 praeceperat,
905 3223 945 3286 ad
967 3222 1189 3306 trajiciendum
1210 3225 1399 3306 praeparata
1425 3222 1476 3286 ab

281 3330 519 3416 Hephaestione
551 3330 678 3416 reperit.
728 3329 898 3415 Regnabat
929 3330 964 3393 in
996 3351 1033 3394 ea
1065 3329 1195 3415 regione
1228 3329 1376 3414 Omphis,
1409 3331 1480 3414 qui

282 3437 422 3503 venienti
451 3436 580 3512 obviarn
607 3459 679 3502 cum
708 3437 847 3501 exercitu
875 3457 1019 3521 egressus
1047 3458 1161 3521 corpus
1189 3435 1301 3501 suum¹⁵
1324 3441 1356 3501 et
1377 3439 1480 3502 totas

283 3543 408 3626 imperii
435 3544 518 3608 vires
546 3542 692 3628 protinus
720 3541 860 3608 tradidit.
904 3542 1055 3608 Iactatus
1085 3541 1309 3627 simplicitate⁰
1335 3543 1484 3608 barbari

229 3665 339 3720 sorex
371 3654 403 3714 et
432 3651 588 3728 dextram,
619 3649 693 3714 fidei
721 3670 797 3714 suae
822 3649 951 3735 pignus,
984 3649 1070 3714 dedit
1097 3653 1128 3715 et
1155 3671 1289 3735 regnum
1315 3649 1485 3716 restituit·

287 3755 420 3839 Omphis
452 3757 657 3840 permittente
684 3755 869 3821 Alexandro
901 3761 933 3822 et
964 3756 1089 3842 regium
1115 3756 1241 3843 insigne
1269 3757 1406 3841 sumpsit
1444 3763 1486 3822 et

282 3883 371 3927 more
399 3861 506 3950 gentis
529 3885 604 3928 suae
626 3883 757 3941 nomen,
788 3863 873 3954 quod
895 3863 997 3947 patris
1019 3862 1152 3930 lucrati
1197 3863 1333 3928 Taxilen
1356 3866 1489 3948 appel-

282 3970 394 4035 labant
416 3970 601 4056 populares,
630 3971 664 4035 in
687 3991 905 4056 quemcunque
927 3970 1118 4037 transierat⁸
1139 3970 1316 4055 imperium
1362 3970 1489 4049 Quae-

283 4077 366 4142 renti
385 4076 567 4144 Alexandro
575 4076 597 4156 ⁹,
618 4081 727 4141 utrum
735 4074 764 4114 ²⁰
786 4077 894 4161 plures
917 4077 1073 4162 agricolas
1095 4077 1237 4162 haberet,
1261 4101 1302 4142 an
1324 4076 1493 4146 milites?

231 4197 265 4253 ab
285 4205 357 4247 cum
384 4184 507 4250 duobus
534 4183 664 4269 regibus
691 4183 826 4248 bellanti
853 4182 917 4247 sibi
944 4184 1065 4268 majore
1092 4184 1232 4249 militum
1255 4207 1352 4269 quam
1375 4206 1495 4270 agre·

286 4287 383 4354 stium
410 4313 508 4357 manu
535 4311 614 4374 opus
642 4288 758 4368 essen,
786 4290 956 4375 respondit.
1006 4289 1157 4357 Abisares
1186 4295 1218 4356 ct
1239 4291 1342 4357 Porus
1366 4301 1496 4378 erant,

286 4397 371 4463 ultra
394 4399 609 4485 Hydaspem
632 4419 759 4463 amnem
782 4402 976 4484 regnantes..
