3092 4938
657 805 706 872 la.
750 805 962 891 remersus.
985 804 1077 891 (ιιι)

327 989 355 1052 1.
400 965 574 1068 Iphicrates
602 969 806 1064 Atheniensis
832 1004 898 1047 non
924 975 992 1064 tam
1017 975 1235 1068 magnitudine
1263 1001 1369 1045 rerum
1396 1001 1451 1065 ge·

280 1097 402 1158 starum
434 1113 529 1177 quam
562 1089 728 1176 disciplina
758 1089 888 1155 militari
919 1074 1105 1154 nobilitatus
1137 1081 1212 1154 est¹.
1263 1077 1340 1152 Fuit
1367 1087 1451 1152 enirn

280 1198 354 1265 talis
377 1197 449 1278 dux,
473 1202 594 1264 utnon
617 1197 720 1262 solum
743 1192 857 1263 aetatis
879 1195 955 1262 suae
978 1195 1182 1281 cumprimis
1206 1197 1452 1279 compararetur,

245 1306 336 1371 5sed
372 1327 412 1372 ne
451 1305 489 1370 de
525 1305 700 1389 majoribus
731 1297 810 1370 natu
841 1293 968 1388 quidem
1000 1301 1168 1389 quisquam
1200 1293 1452 1387 anteponeretur.

280 1412 418 1478 Multum
445 1433 520 1478 vero
546 1412 580 1478 in
607 1393 693 1477 bello
722 1398 770 1477 est
795 1416 952 1492 versatus,
979 1432 1072 1497 saepe
1095 1407 1283 1476 exercitibus
1305 1407 1453 1495 praefuit,
1532 1413 1533 1438 ³

280 1541 437 1604 nusquam
460 1519 554 1604 culpa
572 1520 656 1584 male
676 1541 743 1584 rem
758 1518 866 1606 gessit,
888 1515 1011 1604 semper
1026 1501 1158 1584 consilio
1173 1517 1249 1582 vicit
1263 1513 1452 1600 isaiamque

281 1647 318 1692 eo
341 1625 470 1706 valuitl,
491 1631 528 1692 ut
550 1625 652 1692 multa
674 1625 708 1690 in
730 1647 764 1690 re
786 1619 916 1690 militari
938 1622 1055 1710 partim
1076 1647 1159 1690 nova
1175 1613 1318 1717 attulerit
1332 1620 1452 1706 partim

280 1731 411 1797 meliora
442 1729 578 1798 feceritl.
628 1717 714 1798 Nam
745 1729 835 1795 cum4
867 1735 959 1796 antea
990 1724 1052 1814 ipsi
1084 1731 1168 1795 cives
1194 1721 1317 1814 pedites
1343 1730 1452 1814 gravis

230 1847 263 1906 10
281 1821 478 1904 armaturac⁶
501 1827 658 1922 stipendia
679 1838 835 1918 fecissent,
857 1839 943 1904 bello
960 1837 1121 1904 Corinthio
1137 1835 1347 1902 Athenienses
1368 1844 1453 1901 mer·

280 1945 443 2011 cannarios
465 1943 652 2031 plerosque⁶
674 1945 833 2010 habebant
855 1933 985 2024 milites,
1014 1943 1130 2030 quibus
1152 1941 1326 2027 Iphicrates
1349 1943 1452 2006 omni-

280 2052 339 2117 bus
365 2053 467 2136 peltas
494 2074 552 2136 pro
581 2051 690 2138 clipeis
718 2052 750 2138 (a
778 2074 841 2136 quo
864 2051 1018 2136 peltastae
1041 2050 1297 2136 appellabantur)
1319 2053 1352 2114 et
1373 2049 1451 2113 lori·
1534 2045 1535 2088 l

280 2180 331 2224 cas
358 2181 416 2244 pro
445 2159 548 2226 aeneis
576 2159 690 2224 linteas
714 2147 813 2238 dedit,
839 2163 877 2224 ut
899 2151 939 2222 ad
961 2163 1067 2223 motus
1090 2178 1323 2240 concursusque
1346 2160 1452 2220 essent

279 2265 421 2330 leviores.
461 2264 529 2342 Quo
552 2265 638 2331 facto
662 2266 871 2350 expeditiores
894 2265 1012 2330 milites
1027 2253 1174 2330 reddidit.
1212 2263 1297 2328 Nam
1312 2263 1453 2346 pondere

229 2381 262 2435 15
281 2373 434 2450 detracto,
466 2373 551 2456 quod
583 2381 683 2457 aeq‘ue
715 2394 828 2456 corpus
859 2375 982 2458 tegeret
1013 2376 1044 2436 et
1075 2371 1145 2436 leve
1173 2355 1267 2449 esset,
1300 2368 1451 2434 cunum.
1534 2441 1535 2466 ,

279 2477 398 2543 Hastae
422 2465 454 2542 et
475 2478 599 2562 gladios
621 2477 781 2562 longiores
803 2478 885 2542 fecit.
1534 2471 1535 2476 ’

325 2679 354 2737 2.
398 2659 495 2756 Apud
518 2671 706 2739 Corinthum
733 2677 824 2738 tauta
850 2671 1034 2738 severitate¹
1062 2672 1213 2738 exercitui
1234 2659 1386 2754 praeluit,
1414 2675 1452 2735 ut

278 2778 385 2843 nullae
412 2775 571 2863 unquam*
599 2777 633 2842 in
656 2777 788 2844 Graecia
814 2777 934 2874 nequel
958 2778 1191 2844 exercitatiores
1214 2777 1323 2862 copiae
1345 2785 1450 2861 heque

277 2880 380 2970 magis
404 2877 487 2952 dicto
511 2881 672 2950 audientes
694 2874 830 2951 fuerint4
853 2885 932 2952 duci.
977 2885 1057 2950 (lum
1079 2885 1235 2970 praesidio
1260 2883 1450 2950 Corinthum

224 3001 259 3056 20
277 2995 398 3057 teneret
421 2995 452 3056 et
475 2992 533 3057 sub
557 2993 728 3058 adventum
750 2993 891 3057 hostium
912 2992 980 3076 ipse
1002 2991 1129 3077 vigilias
1153 2986 1343 3070 circumiret,
1365 2989 1448 3076 vigi·

194 3112 200 3117 ’
276 3099 354 3178 lem,
394 3121 488 3183 quem
525 3098 732 3164 dormientem
768 3097 923 3177 viderat⁶,
963 3097 1121 3162 transfixit
1158 3098 1294 3182 cuspide.
1354 3094 1450 3174 Quod
1534 3095 1535 3106 *

275 3205 395 3271 lactum
427 3205 614 3292 quibusdam
646 3206 808 3290 tamquam
835 3227 964 3270 saevum
991 3205 1239 3289 increpantibus,
1275 3203 1449 3283 ,Quaem

275 3311 392 3396 inveni,
420 3311 538 3398 inquit,
564 3313 663 3378 talem
689 3312 829 3398 reliqui‘
879 3309 917 3378 In
945 3335 1014 3377 eam
1042 3311 1300 3377 consuetudinem
1327 3309 1448 3376 milites

276 3419 419 3498 adduxit,
446 3420 495 3500 ut,
522 3441 593 3486 oum
619 3419 732 3506 proelii
759 3421 886 3506 signum
914 3421 954 3485 ab
982 3421 1171 3506 imperatore
1199 3425 1281 3485 esset
1308 3415 1448 3496 datuml,

156 3552 163 3570 ·
221 3535 256 3589 25
275 3525 344 3590 sine
373 3525 458 3590 ducis
486 3524 601 3610 opera⁸
628 3527 672 3592 sic
695 3527 832 3592 ordinati
855 3527 1073 3607 consisterent,
1101 3529 1137 3594 ut
1159 3525 1277 3614 singuli
1300 3526 1340 3592 ab
1363 3525 1446 3608 peri-

275 3631 396 3696 tissimo
429 3633 618 3718 imperatore
645 3635 791 3718 dispositi
818 3633 1006 3701 viderentur.
1058 3635 1130 3701 Hoc
1157 3636 1295 3701 exercitu
1321 3653 1445 3698 moram

274 3738 594 3804 lacedaemoniorum
631 3739 801 3820 interfecit;
839 3742 923 3825 quod
960 3742 1096 3806 maxime
1128 3742 1218 3808 tota⁰
1250 3740 1443 3806 celebratum

274 3849 322 3910 est
354 3843 490 3912 Graecia.
544 3845 623 3912 Cum
655 3846 847 3912 Artaxerxes
878 3849 1039 3935 Aegyptio
1075 3850 1144 3934 regi
1176 3849 1296 3914 bellum
1326 3847 1444 3912 inferre

272 3949 418 4032 voluicffl,
440 3951 631 4034 Iphicratem
654 3953 693 4018 ab
710 3953 956 4020 Atheniensibus
972 3956 1083 4020 ducem
1097 3954 1219 4040 petivit,
1242 3975 1336 4038 quern
1352 3975 1441 4036 prae-

219 4068 255 4123 30
272 4059 379 4124 ficeret
407 4058 557 4124 exercitui
580 4060 788 4139 conducticio,
816 4063 904 4146 cujus
927 4085 1075 4126 numerus
1097 4062 1262 4127 duodecim
1284 4060 1440 4125 milium¹¹

272 4165 341 4232 fuit
388 4164 488 4242 Quem
516 4165 643 4249 quidem
670 4167 715 4231 sic
743 4169 829 4232 omni
853 4168 1018 4252 disciplina
1040 4169 1171 4234 militari
1195 4166 1378 4247 erudivitss,
1406 4173 1441 4232 ut

272 4271 501 4355 Iphicratenses
525 4271 711 4356 appellati¹8
735 4275 818 4358 apud
834 4273 969 4340 Graecos
992 4275 1027 4339 in
1049 4298 1172 4340 summa
1187 4275 1280 4340 laude
1295 4273 1441 4340 fuerint&

271 4375 392 4442 Idem²⁴
418 4377 538 4442 bellum
565 4401 636 4443 cum
664 4379 837 4444 Thracibus
864 4381 976 4465 gessit,
1005 4381 1169 4461 Seuthem,
1196 4383 1316 4447 socium
1339 4382 1440 4448 Athe-
