3074 4934
640 241 646 254 '
706 238 767 298 135

143 413 244 478 fratre
267 411 481 492 Hasdrubale,
504 412 621 478 saltum
643 412 842 496 Pyrenaeum
864 412 998 477 transiit.
1045 411 1238 496 Quaounque
1261 412 1324 476 iter

142 519 231 599 fecit,
257 519 378 584 incolas
406 519 542 605 subegit.
588 518 738 585 conflixit
764 519 902 604 primum
924 519 1007 604 apud
1030 518 1221 584 Rhodanum
1249 541 1322 584 cum

143 627 306 710 equitibus
329 650 348 691 a
371 626 518 711 Scipione
542 627 678 706 consule,
701 631 739 691 ut
760 627 821 691 iter
843 626 1040 709 impedirent,
1062 626 1250 710 praemissis.

192 811 221 868 4.
266 803 307 888 (a.
336 803 421 888 218.)
450 803 502 868 Ad
524 801 624 889 Alpes
651 808 858 888 posteaquam
879 802 998 883 venit²,
1025 825 1105 888 quae
1127 801 1255 868 Italiam
1278 802 1318 867 ab

142 907 251 974 Gallia
277 909 460 994 sejungam,
488 932 567 993 quas
596 933 689 975 nemo
711 909 871 995 unquam⁹
895 931 967 974 cum
989 911 1128 975 exercitu
1150 915 1223 976 ante
1246 915 1354 974 eum5

141 1019 270 1100 praeter
291 1015 462 1081 Herculem
486 1016 617 1081 Graium
644 1017 825 1096 transierat,
854 1039 917 1101 quo
950 1017 1034 1081 facto
1062 1017 1090 1082 is
1117 1015 1232 1081 hodie*
1255 1017 1317 1081 sal-

141 1127 198 1187 tus
230 1122 342 1187 Graius
380 1123 571 1205 appellatur,
608 1121 739 1207 Alpicos
778 1126 926 1187 conantes
962 1122 1130 1206 prohibere
1161 1122 1318 1188 transitu⁶

141 1231 291 1295 concidit.
340 1230 424 1294 Loca
454 1230 617 1314 patefecit,
649 1230 763 1295 itinera
795 1230 922 1310 muniit,
955 1231 1070 1308 effecit,
1102 1234 1138 1294 ut
1169 1228 1227 1294 ea⁶
1254 1231 1317 1294 ele·

139 1336 282 1420 phantus
304 1335 458 1402 ornatus⁷
481 1337 526 1402 ire
549 1342 665 1420 posset,
688 1359 752 1422 qua
775 1340 867 1404 antea
889 1358 970 1401 unus
993 1319 1090 1401 homo
1113 1335 1240 1401 inermis
1263 1337 1317 1400 vix

138 1447 269 1528 poterat
300 1466 416 1528 repere.
467 1443 537 1508 Hac
570 1445 676 1528 copias
707 1445 849 1510 traduxit
880 1444 913 1508 in
945 1442 1133 1527 Italiamque
1164 1444 1315 1527 pervenit.
1336 1445 1370 1500 1⁰

136 1551 197 1615 Ad
224 1550 398 1615 Ticinum
424 1551 556 1616 fluvium
584 1552 720 1616 occurrit
747 1552 777 1616 ei
804 1551 839 1616 P.
869 1550 1031 1616 Cornelius
1060 1549 1173 1633 Scipio.
1225 1550 1316 1616 Com-

135 1657 240 1722 misso
267 1659 387 1740 proelio
414 1658 533 1742 fugatis
561 1657 658 1738 suis⁸,
686 1659 797 1724 consul
824 1658 892 1741 ipse
914 1658 1096 1722 vulneratus
1118 1657 1316 1722 Placentiam

20 1819 26 1831 .
135 1764 190 1828 cis
211 1763 333 1828 Padum
361 1763 542 1830 concessit⁸.
588 1764 671 1829 Tum
694 1765 742 1832 Ti.
766 1764 971 1848 Sempronius
995 1786 1033 1828 ex
1055 1763 1164 1829 Sicilia
1186 1786 1314 1829 revoca·

133 1874 207 1947 tus,
236 1871 411 1954 conjunctis
444 1893 516 1936 cum
544 1873 670 1956 collega
698 1871 829 1956 copiis⁹,
858 1870 1000 1956 confligit
1027 1872 1110 1954 apud
1137 1871 1314 1936 Trebiam

134 1999 279 2055 amnem3
301 1977 329 2041 is
353 1999 478 2063 quoque
501 1977 645 2045 vincitur.
1332 1978 1366 2032 15

189 2160 216 2220 5.
262 2155 301 2239 (a.
326 2155 411 2240 217.)
440 2153 517 2220 Inde
539 2155 703 2220 Hannibal
724 2177 781 2238 per
796 2155 948 2239 Ligures1
963 2155 1188 2238 Appenninum
1210 2157 1312 2220 trans·

132 2261 179 2325 iit
205 2265 313 2344 petens
335 2261 524 2327 Etruriaml
571 2263 643 2327 Hoc
671 2261 803 2328 itinere⁸
826 2264 904 2328 adeo
927 2263 1017 2348 gravi
1039 2262 1151 2327 morbo
1175 2262 1313 2328 afficitur

133 2368 316 2448 oculorum,
350 2372 384 2432 ut
415 2373 526 2453 postea
557 2392 720 2453 nunquam
752 2371 861 2434 deamo
894 2392 992 2454 aeque
1024 2368 1124 2434 bene⁴
1154 2391 1230 2434 usus
1263 2369 1312 2436 sit.

134 2473 211 2551 Qua
236 2475 414 2540 valetudine
443 2499 515 2540 cum
547 2477 712 2541 etiamtum
734 2481 928 2560 premeretur
950 2474 1146 2560 lecticaque8
1169 2476 1312 2556 ferretur,

134 2581 174 2647 G.
197 2569 387 2646 Flaminium
416 2583 577 2648 consulem
604 2585 688 2667 apud
712 2583 972 2649 Trasimenum
999 2605 1070 2649 cum
1098 2583 1237 2648 exercitu
1263 2583 1312 2646 in·
1330 2579 1367 2634 2⁰

131 2689 227 2754 sidiis
256 2689 524 2756 circumventum⁶
553 2691 683 2756 occidit.
721 2689 807 2756 Nam
833 2713 905 2756 cum
933 2695 1002 2756 arta
1029 2691 1184 2775 quaedam
1205 2690 1257 2754 via
1278 2691 1313 2754 in

132 2797 243 2861 radice
269 2797 387 2862 montis
414 2797 448 2860 in
475 2818 604 2879 campos
631 2800 776 2880 patentes
805 2797 943 2877 duceret,
976 2797 1125 2862 simulata
1151 2798 1229 2882 fuga
1256 2819 1313 2880 per

133 2904 304 2988 angustias
327 2904 434 2970 evasit.
479 2903 583 2968 Nocte
607 2904 768 2988 dispositis
790 2904 954 2985 militibus,
974 2909 1010 2974 ,et
1032 2926 1089 2988 per
1112 2905 1234 2983 collem,
1257 2906 1312 2988 qui

133 3011 354 3090 imminebat⁶,
387 3015 418 3075 et
449 3011 483 3074 in
513 3011 665 3076 lateribus
698 3011 918 3096 angustiarum
948 3012 1051 3096 prima
1082 3012 1164 3090 lucc,
1196 3003 1313 3076 nebula

133 3139 264 3202 quoque
292 3118 432 3202 adjutus,
461 3118 559 3182 aciem
588 3117 709 3184 direxit.
754 3116 929 3182 Flaminius
957 3119 1045 3182 velut
1067 3118 1241 3202 fugientem
1263 3119 1311 3181 in-
1330 3112 1365 3166 25

134 3227 264 3288 secutus
291 3245 363 3288 cum
391 3224 554 3309 angustias
582 3229 665 3288 esset
691 3225 866 3310 ingressus,
892 3246 957 3288 non
980 3229 1053 3289 ante
1076 3224 1214 3306 providit
1236 3225 1311 3288 insi·

134 3331 220 3408 dias,
248 3353 343 3414 quam
370 3330 466 3395 simul
492 3353 512 3394 a
539 3330 657 3410 fronte,
684 3331 849 3409 lateribus,
876 3329 989 3416 terg0⁷
1016 3329 1242 3394 circumfusus⁶
1271 3330 1311 3395 ad

133 3437 383 3502 internecionem
407 3457 478 3502 cum
501 3436 641 3501 exercitu
664 3458 773 3502 caesus
797 3441 852 3502 est.

182 3621 212 3680 6.
257 3614 333 3680 Inde
360 3615 523 3680 Hannibal
549 3615 583 3680 in
610 3615 765 3680 Prcenum
793 3614 987 3700 profectus¹‚
1014 3613 1155 3678 exercitu
1181 3613 1312 3694 refecto,

133 3721 169 3784 in
200 3719 353 3806 Apuliam
385 3722 535 3806 pervenit.
590 3722 707 3787 Missus
740 3717 888 3788 adversus
922 3744 992 3786 eum
1026 3725 1074 3785 est
1106 3720 1142 3799 Q.
1173 3720 1311 3786 Fabius
1330 3728 1366 3786 30

134 3828 323 3893 Maximus
355 3829 503 3908 dictator,
537 3829 592 3914 qui
624 3829 821 3895 cunctando⁹
853 3831 921 3914 ejus
953 3829 1089 3912 impetus
1121 3827 1226 3912 fregit.
1280 3827 1311 3893 ls

134 3935 168 4000 in
192 3955 271 4020 agro
287 3935 421 4001 Falerno
445 3957 484 4000 ex
507 3935 680 4021 Campania
703 3937 736 4000 in
759 3935 920 4002 Samnium
943 3932 1108 4001 redeunti8
1131 3955 1164 3998 se
1187 3935 1312 4018 objecit.

135 4040 180 4107 At
208 4041 334 4108 Poenus
367 4043 491 4108 clausus
523 4044 667 4108 locorum
699 4040 874 4127 angustiis*
901 4047 1000 4107 noctu
1027 4043 1094 4107 sine
1121 4040 1189 4105 ullo
1217 4041 1311 4105 detri-

135 4147 262 4214 mento⁶
290 4171 323 4214 se
351 4149 516 4234 expedivit.
560 4149 708 4234 Namque
737 4149 846 4230 boves,
873 4149 990 4234 quibus
1013 4151 1052 4214 ad
1075 4171 1196 4214 cornua
1218 4149 1311 4214 fasci·

135 4257 224 4321 culos
252 4256 440 4341 alligaverat
463 4260 710 4334 sarmentorum,
738 4255 878 4340 subjecto
901 4255 971 4341 igni
993 4255 1120 4320 dimisit.
1166 4255 1312 4335 Romani,
1329 4261 1365 4317 35

137 4356 191 4446 qui
223 4363 263 4427 ad
291 4363 517 4446 speculandum
543 4367 777 4448 procurrerant,
809 4363 910 4446 primo
938 4361 1118 4447 prodigium
1148 4383 1216 4428 esse
1243 4362 1311 4446 opi-
