3074 4934
817 233 858 296 86

229 388 349 478 ηψπ·
398 387 497 463 Multi
535 425 611 492 ergo
643 406 873 475 Macedonum⁸
908 409 1012 493 primo
1048 409 1169 492 impetu
1201 408 1312 472 obtriti
1344 414 1426 486 sunt,

231 515 357 605 plurffi
378 496 418 561 Nl
433 499 652 578 Alexandrum
673 517 867 603 refugerunt.
913 515 996 580 Tum
1017 515 1133 580 Persae
1156 516 1296 579 clamore
1319 515 1436 580 subla·-

231 631 292 698 to,
330 604 458 691 ‘lffl‘l‘lm
489 616 625 686 victores
656 624 761 688 solent
791 624 894 702 edere,
934 621 1082 686 ferociter
1111 621 1146 685 in
1176 621 1303 686 hostem
1335 624 1427 707 qnasi

113 749 120 757 ·
235 724 368 806 ubique
386 717 833 808 P¹⁰ffigatu1n⁹incurrerunt
876 728 1058 794 Alexander
1071 727 1201 794 territos
1224 728 1427 815 castigarem,

198 823 419 911 tadhffliffls
443 832 646 901 confirmatos
660 837 788 902 tandem
802 837 870 921 ipse
892 835 926 900 in
948 835 1055 900 hostes
1079 835 1200 900 ducere.
1246 835 1371 920 Atqui
1394 839 1427 902 in

235 949 339 1014 laevo
367 953 467 1001 cornu
489 948 582 1008 erant
603 942 730 1023 Persae,
757 947 918 1028 sperantes
939 963 1033 1026 posse
1055 963 1128 1008 amn
1149 943 1283 1021 includi,
1310 963 1426 1030 agmen

238 1065 342 1122 sunm
374 1064 393 1107 a
423 1047 515 1132 tergo
547 1051 759 1136 opponnnt¹¹;
796 1069 1016 1134 snnrmumqne
1047 1049 1224 1133 pericnlum
1254 1051 1289 1114 in
1320 1053 1426 1117 medio

239 1164 383 1228 sarens
405 1151 564 1237 aaran,
586 1159 649 1224 nsi
671 1159 793 1243 aquaso
816 1157 951 1243 Agriani
973 1157 1147 1222 coemens
1169 1155 1342 1221 monae
1364 1159 1427 1223 aa·
1527 1213 1528 1244 ,

242 1261 410 1336 cumfusos
445 1264 515 1348 regi
550 1265 701 1331 barbaros
733 1262 871 1330 adorti²⁴
906 1264 940 1328 in
971 1287 1005 1328 se
1036 1264 1243 1328 confiscent·
1282 1264 1428 1331 'Purbata

190 1389 225 1444 10
243 1379 317 1442 erat
336 1371 472 1454 utraque
488 1372 579 1438 acies.
624 1373 697 1438 Duo
720 1393 812 1458 reges
831 1372 950 1456 junctis
972 1393 1071 1455 prope
1094 1370 1310 1456 agminibns¹⁶
1332 1395 1426 1456 proe-

209 1494 225 1524 *
243 1483 329 1549 lium
360 1474 583 1558 accendebant
621 1502 714 1546 curru
746 1479 877 1557 Darius,
915 1478 1096 1543 Alexander
1127 1499 1210 1562 equo
1243 1477 1427 1558 vehebatur,

243 1592 418 1670 utrumque
455 1585 568 1652 delecti
604 1585 787 1664 tuebantur,
824 1585 875 1651 sui
911 1583 1160 1664 immemores²⁰,
1198 1607 1270 1649 cnm
1307 1587 1426 1651 amisso

212 1707 227 1736 ⁴*
245 1691 357 1780 rege1⁷
384 1692 465 1758 salvi
492 1715 559 1758 esse
586 1693 717 1758 nollent.
762 1693 821 1772 At,
848 1729 892 1740 —
919 1690 1019 1756 sive²⁸
1046 1681 1220 1756 ludibrium
1247 1692 1427 1772 oculorum,
1528 1721 1529 1732 ¹

247 1803 313 1868 sive
341 1823 416 1866 vera
438 1799 557 1885 species
579 1800 654 1880 fuit,
681 1837 724 1847 —
753 1799 809 1882 qui
831 1799 914 1863 circa
936 1797 1155 1863 Alexandrum
1177 1803 1281 1877 erant,
1308 1800 1426 1865 vidisse

195 1920 229 1974 15
247 1931 282 1974 se
309 1908 508 1974 crediderunt
533 1907 701 1993 paululum
727 1927 822 1990 super
850 1910 946 1990 caput
971 1905 1056 1990 regis
1078 1905 1202 1990 placide
1226 1906 1426 1971 volantem¹⁹

247 2015 395 2100 aquilam.
442 2015 532 2082 Certe
559 2006 648 2081 vates
670 2013 871 2092 Aristander,
899 2012 972 2078 alba
993 2017 1081 2077 veste
1103 2013 1234 2078 indutus
1258 2017 1290 2077 et
1312 2014 1426 2079 dextra

246 2123 426 2208 praeferens
452 2124 606 2203 lauram,
637 2121 794 2186 militibus
821 2141 912 2184 avem
938 2119 1149 2197 monstrabat,
1176 2119 1262 2184 haud
1289 2119 1425 2186 dubium
1529 2195 1530 2206 χ

246 2231 395 2296 victoriae
426 2225 644 2315 auspiciumffl.
689 2227 806 2314 Ingens
839 2247 914 2312 ergo
947 2226 1092 2292 alacritas
1125 2230 1157 2290 et
1183 2226 1299 2291 fiducia
1326 2229 1425 2311 paulo

212 2347 228 2380 *
246 2342 320 2402 ante
341 2338 468 2404 territos
491 2336 635 2404 accendit
656 2335 697 2400 ad
718 2355 868 2420 pugnam,
889 2333 1075 2418 praesertim
1097 2355 1168 2397 cnm
1192 2333 1304 2418 auriga
1322 2333 1425 2414 Darii,

193 2451 229 2507 20
247 2444 303 2526 qui
329 2449 403 2510 ante
429 2445 535 2528 ipsum
562 2443 672 2508 sedens
696 2438 996 2526 equosregebar21,
1023 2440 1116 2504 basta
1137 2440 1306 2504 transfixus
1330 2447 1424 2508 esset.

247 2544 316 2614 Nee
344 2554 400 2614 aut
426 2547 541 2614 Persae
568 2552 624 2614 aut
650 2546 839 2612 Macedones
867 2547 1103 2625 dubitaverunt,
1130 2544 1242 2631 quin²²
1269 2547 1337 2630 ipse
1365 2571 1424 2614 rer

248 2660 330 2721 esset
344 2657 475 2722 cccmus.
519 2656 609 2740 Ergo
624 2651 755 2738 lugubri
776 2653 902 2718 ululatu
925 2658 957 2718 et
978 2653 1138 2718 incondito
1162 2654 1299 2719 clamore
1320 2658 1424 2740 gemi-

247 2768 346 2848 tuque
372 2767 474 2829 totam
499 2763 566 2827 fere
588 2761 689 2825 aciem
710 2760 918 2826 turbaverunt
941 2760 1068 2845 cognati
1090 2759 1181 2825 Darii
1203 2765 1236 2825 et
1258 2763 1424 2848 armigera

247 2869 341 2934 multi
376 2870 410 2934 in
440 2869 551 2954 fugam
584 2867 676 2932 effusi
707 2867 917 2932 destituerunt
948 2889 1084 2934 currum.
1137 2867 1262 2932 Dicitur
1294 2869 1424 2934 acinace

192 2976 357 3041 assuisse
379 2976 495 3042 Darius
522 2974 696 3053 dubitasse,
722 2971 797 3038 an*8
819 2975 914 3060 togae
937 2975 1069 3039 dedecus
1091 2975 1227 3039 honesta
1248 2979 1351 3040 morte
1373 2977 1423 3040 vi-

212 3089 228 3120 *
246 3087 337 3148 tarot
383 3081 564 3148 Alexander
590 3084 714 3146 mutato
743 3101 825 3164 equo
852 3081 886 3145 in
908 3081 1122 3146 resistentium
1145 3081 1273 3166 agmina
1295 3082 1422 3167 irrupit,

243 3191 372 3275 jamque
394 3211 458 3255 non
480 3207 589 3274 pugna
611 3188 667 3252 sed
690 3187 799 3252 caedes
822 3191 898 3253 erat.
943 3187 1023 3252 (lum
1037 3187 1154 3252 Darius
1177 3209 1305 3252 currum
1327 3207 1422 3253 suum

212 3304 227 3334 *
245 3297 279 3361 in
309 3296 419 3382 fingam
450 3297 599 3391 remeet,
630 3293 746 3359 Persae
777 3315 885 3379 regem
916 3299 1098 3378 sequuntur.
1144 3293 1302 3359 (laedebat
1330 3299 1423 3381 terga

245 3401 471 3488 fngientium'⁴
501 3402 617 3480 notor,
649 3421 721 3465 cum
752 3400 1007 3465 aParmenione
1037 3400 1138 3466 tristis
1165 3401 1297 3466 nuntius
1324 3403 1422 3480 venit,

193 3515 228 3571 30
245 3507 410 3572 Mazaeum
437 3527 508 3572 eum
531 3505 617 3572 omni
639 3507 780 3572 hostium
802 3505 981 3592 equitatn¹⁶
1003 3507 1205 3572 vehementer
1225 3509 1422 3573 invectum'⁸

245 3631 358 3698 urgere
396 3613 604 3678 Macedonum
646 3612 726 3691 alas,
764 3613 895 3696 jamque
932 3600 1144 3678 abundantem
1181 3611 1421 3682 multitudine'⁷

246 3720 346 3784 aciem
368 3720 559 3785 circumvehi
582 3719 733 3803 coepisse3
761 3719 823 3784 nisi
844 3724 967 3784 mutue
989 3720 1217 3800 subveniretur,
1239 3741 1303 3787 non
1325 3743 1421 3806 posse

212 3826 374 3911 *reprimi
411 3821 563 3910 fugam²⁸.
617 3825 778 3891 lbendens
809 3824 1003 3906 Alexander,
1041 3827 1120 3911 eripi
1157 3828 1218 3892 sibi
1254 3829 1419 3894 victoriam

245 3957 263 3998 a
282 3933 438 4011 manibus,
460 3949 574 4016 agmen
597 3933 766 3998 consistere
785 3931 885 4018 jubet.
930 3933 1062 3998 Interim
1084 3934 1125 3998 ad
1139 3933 1305 4000 Mazaeum
1327 3957 1419 4020 supe

192 4044 227 4100 35
244 4038 342 4103 rati¹⁰
368 4037 453 4125 regis
482 4035 568 4102 fama
589 4044 781 4122 pervenerat
826 4039 939 4124 Itaque
961 4055 1155 4124 quamquam
1177 4042 1321 4125 superior
1344 4048 1420 4108 erat

244 4149 351 4208 tamen
382 4145 512 4210 fortuna
537 4145 623 4230 regis
649 4145 779 4211 territus
805 4146 958 4230 perculsis
986 4146 1133 4212 hostibus
1160 4147 1343 4233 languidius
1371 4150 1419 4213 in-

245 4250 358 4316 stabat
402 4249 570 4316 Parmenio
585 4250 756 4335 ignorabat
777 4253 904 4336 qnidem
926 4271 1053 4317 oausam
1075 4271 1202 4338 pugnae
1225 4273 1282 4319 sua
1305 4261 1418 4340 sponte

245 4355 405 4434 remissae,
437 4358 493 4422 sed
524 4357 687 4422 occasione
718 4359 863 4423 vincendi
889 4362 1015 4424 strenue
1042 4364 1090 4424 est
1116 4381 1201 4426 usus
1246 4361 1418 4428 Thessalos
