3074 4934
476 647 636 715 Filius
664 646 899 730 perditus.

534 824 687 888 Personae
705 823 849 911 fabulae:

319 983 487 1054 chremes
510 1006 603 1050 senen.
716 983 885 1068 Clitipho,
908 983 971 1068 ejus
986 983 1084 1070 filice.

318 1091 541 1160 Menedemus
565 1113 661 1156 senen.
713 1089 839 1174 ennea,
863 1091 928 1177 ejus
944 1089 1046 1177 fliius.

318 1196 440 1286 Syrus,
464 1219 565 1262 semus
593 1196 763 1262 Chremetis.

607 1356 726 1423 Scene
749 1357 774 1422 I.

243 1500 445 1566 Menedemus
468 1502 576 1564 rastris
599 1524 707 1586 cymen
725 1500 824 1586 fodit3
848 1501 959 1564 accedit
981 1498 1139 1566 Chremes,

154 1623 299 1690 Chrences.
348 1626 412 1691 Pro
440 1625 533 1692 deum
561 1629 656 1710 eique
683 1626 848 1690 hominum
875 1625 982 1690 fidem!
1016 1625 1093 1710 quid
1121 1625 1166 1690 vis
1193 1625 1277 1694 tibi?

105 1732 181 1817 qnid
214 1732 359 1817 quaeris?
401 1731 512 1798 Annos
545 1732 711 1823 sexnginta
742 1737 834 1797 nehus
867 1753 899 1796 es
932 1734 987 1797 eui
1013 1731 1100 1816 plus,
1133 1735 1169 1796 nh
1201 1753 1276 1796 oon·

100 1839 193 1923 jici03
225 1859 337 1925 ugrum
363 1839 396 1904 in
422 1839 473 1904 his
500 1839 683 1924 regionibus
711 1839 876 1904 meliorem
901 1859 994 1903 nemo
1022 1837 1134 1923 habet,
1167 1860 1275 1903 servos
1297 1854 1330 1909 10

104 1932 198 2010 nemo
224 1946 343 2030 plures:
370 1951 491 2027 tamen,
518 1946 650 2030 proinde
678 1945 768 2030 quasi
790 1946 897 2010 nullus
920 1945 981 2010 eibi
1004 1945 1058 2025 sih,
1085 1945 1132 2010 ica
1155 1947 1274 2010 attense

103 2058 143 2117 tu
173 2074 336 2117 servorum
367 2052 479 2117 officiis
511 2052 667 2138 fungeris!
709 2051 883 2136 Nunquam
914 2056 982 2116 hcm
1012 2073 1105 2116 mene
1134 2051 1277 2138 egredior

104 2180 208 2243 neque
240 2164 307 2240 hem
338 2160 460 2244 vesperi
492 2161 620 2224 domum
648 2164 803 2238 revertor,
835 2159 913 2244 quin
944 2163 977 2223 ie
1008 2158 1042 2222 in
1074 2158 1173 2223 fimdo
1201 2180 1275 2224 oon·

104 2266 208 2352 spicer
239 2267 409 2332 fodientem
441 2271 497 2332 nui
529 2271 671 2333 arantem
699 2272 754 2332 aut
781 2266 901 2351 aliquid
928 2265 1110 2343 facientem
1143 2265 1277 2351 denique

103 2373 229 2439 nullum
250 2373 386 2438 remissis
408 2378 532 2458 tempus
555 2397 657 2459 neque
680 2378 712 2438 ie
735 2373 872 2458 respicis.
1300 2385 1332 2440 15

152 2479 232 2546 Meo.
279 2478 439 2564 Chremes,
466 2485 632 2546 henhnmne
660 2481 700 2546 ab
727 2484 841 2546 retus
864 2484 911 2545 ese
934 2479 1087 2560 nonsibi,
1117 2485 1154 2545 ut
1177 2479 1289 2568 alienet

105 2609 205 2666 cures,
228 2608 327 2672 eaque
350 2609 430 2672 quae
452 2587 534 2652 nihil
557 2589 596 2654 ed
618 2592 650 2653 te
674 2588 829 2654 attinens?

10 2681 11 2704 ¹
156 2691 223 2760 ner.
273 2691 378 2758 Homo
411 2716 494 2771 sum3
525 2694 656 2758 hnmani
682 2695 765 2759 nihil
793 2717 812 2759 a
838 2716 889 2758 me
917 2693 1055 2759 alienum
1081 2698 1169 2778 puio.
1218 2693 1279 2759 Ae

105 2821 169 2884 que
196 2800 342 2866 vicinitas
370 2805 401 2866 et
428 2801 568 2866 amicitie
594 2801 684 2880 fecii,
710 2806 748 2867 ut
774 2805 807 2866 ie
835 2802 983 2867 audacher
1009 2822 1155 2866 moneam
1178 2804 1210 2866 ei
1231 2800 1280 2866 fe·

10 2893 11 2904 ἵ
104 2906 280 2974 milimiter.
440 2907 485 2974 M.
531 2907 623 2988 Hem,
645 2907 725 2972 mihi
747 2909 793 2974 sio
817 2912 865 2974 est
887 2931 971 2974 unis.
1299 2918 1334 2974 20

157 3011 207 3080 Ch.
251 3012 339 3079 Num
362 3013 509 3099 cuiquem
532 3017 580 3080 est
602 3037 677 3080 usus
699 3014 831 3094 homini,
853 3019 891 3079 ut
913 3037 946 3080 se
968 3014 1036 3097 ipse
1059 3015 1200 3080 crucies?

152 3120 196 3187 M.
246 3121 328 3186 Mihi
352 3120 486 3205 quidem.
533 3121 711 3207 (lacrimat).

157 3225 207 3294 Ch.
252 3227 304 3293 Ne
329 3226 473 3294 lacrima!
506 3232 602 3313 atque
634 3228 684 3293 fec
714 3233 751 3293 ut
784 3228 881 3292 sciam
913 3227 1011 3307 istud,
1044 3226 1199 3312 quidquid
1226 3228 1281 3292 esi.

104 3334 158 3402 Ne
189 3334 298 3413 retice,
334 3357 375 3400 ne
406 3357 528 3416 verere,
566 3336 668 3414 crede,
700 3335 844 3420 inquam,
876 3334 969 3400 mihi:
1002 3339 1057 3400 eut
1089 3333 1281 3399 consolando

105 3446 164 3507 ant
187 3441 319 3506 consilio
343 3445 398 3506 aut
420 3464 455 3507 re
477 3446 510 3506 te
529 3442 659 3526 juvabo.
820 3441 867 3507 M.
891 3441 977 3508 Scire
999 3442 1062 3506 hoc
1083 3441 1153 3505 vis?
1300 3451 1335 3507 25

158 3546 209 3612 ee.
255 3547 326 3613 Hac
350 3549 476 3634 quidem
500 3571 603 3628 cause,
626 3571 689 3634 qua
712 3549 777 3614 dixi
800 3549 869 3616 nbi.
1075 3549 1120 3613 M.
1144 3548 1282 3614 Dicetur.

158 3653 210 3722 Ch.
255 3655 301 3721 Ae
323 3657 402 3722 istos
423 3661 543 3722 rastros
565 3657 687 3722 interea
709 3661 817 3722 temen
840 3678 975 3741 eppone3
997 3678 1037 3721 ne
1059 3656 1179 3721 labora.

153 3762 199 3830 M.
248 3762 388 3828 Minime.
555 3761 608 3828 ee.
633 3762 736 3840 Quam
759 3787 826 3829 rem
849 3764 932 3849 egis!

154 3869 203 3933 M.
250 3868 325 3936 Sine
347 3892 407 3950 me,
429 3893 469 3936 ne
493 3872 578 3956 quod
601 3871 673 3936 dem
694 3871 774 3936 mihi
797 3875 921 3954 tempus
945 3869 1064 3934 laboris
1087 3889 1229 3936 vacuum.

158 3975 209 4044 Ch.
255 3981 383 4062 (roseros
406 3978 456 4040 en
477 3980 580 4062 demit)
603 3977 680 4043 Non
703 3977 814 4057 sinam,
835 3977 975 4062 inquam.
1302 3982 1337 4039 30

153 4085 200 4150 M.
245 4083 310 4167 Ah,
332 4107 397 4151 non
420 4107 556 4170 aequum
579 4084 667 4150 fecis.
834 4082 886 4150 Cle.
931 4082 1027 4150 Nunc
1050 4083 1188 4168 loquere.

154 4191 199 4256 Μ.
245 4191 363 4258 Filium
389 4191 518 4258 unicum
546 4191 818 4258 senescensulum
845 4191 956 4257 habeo.
1002 4189 1068 4256 Ah!
1096 4189 1174 4275 quid
1196 4187 1284 4254 dixi?

106 4299 227 4364 habere
253 4303 324 4366 mc?
351 4299 448 4364 immo
475 4298 588 4380 hebui,
620 4297 761 4366 Chreme.
811 4297 907 4366 Nunc
934 4299 1069 4364 habeam
1096 4318 1208 4377 necne,
1235 4297 1284 4361 in·

108 4409 231 4472 eertum
256 4411 312 4474 esi.
478 4403 532 4471 Ch.
579 4405 661 4484 Quid
683 4406 729 4472 ica
751 4405 857 4473 istud?
