3074 4934
676 251 737 311 141

164 433 215 492 15.
266 425 366 491 Paulo
398 429 472 508 post
500 422 659 489 Antiocho
693 425 733 489 ad
760 423 959 509 Magnesiam
991 423 1031 508 (a.
1063 424 1139 508 190)
1171 423 1292 509 fugato,

114 535 238 599 veritus
253 533 313 598 ne¹
336 532 509 610 dederetur,
532 531 618 615 quod
641 531 709 595 sine
731 531 826 600 dubio
850 529 1022 608 accidisset,
1045 530 1144 594 sisui
1167 530 1294 596 fecisset
1395 583 1398 588 .

115 638 339 724 potestatem'‚
366 637 492 703 Cretam
524 639 563 702 ad
591 636 762 722 Gortynios
793 636 888 715 venit,
919 641 955 701 ut
982 636 1037 714 ibi,
1070 658 1132 720 quo
1160 659 1193 701 se
1221 659 1294 702 con·

114 747 230 825 ferret,
268 745 487 810 consideraret.
541 741 632 808 Vidit
669 747 775 808 autem
813 743 861 806 vir
892 742 1033 807 omnium
1064 743 1294 828 callidissimus,

115 853 152 916 in
176 875 294 938 magno
318 874 351 917 ae
373 852 442 916 fore
465 850 621 936 periculo,
645 849 707 914 nisi
729 850 806 934 quid
829 847 1046 933 providisset⁸,
1069 853 1197 934 propter
1220 874 1293 915 ava·
1312 860 1329 914 5

115 959 226 1024 ritiam
249 958 452 1024 Cretensium.
498 957 649 1042 Magnam
677 957 761 1020 enim
789 978 895 1021 secum
922 957 1089 1039 pecuniam
1117 955 1294 1040 portabat4,

119 1065 159 1130 de
191 1088 254 1149 qua
286 1064 406 1130 sciebat
438 1063 537 1128 exisse
567 1061 713 1129 famaml.
763 1062 875 1148 Itaque
907 1063 993 1147 capit
1023 1063 1087 1129 tale
1119 1063 1294 1129 consilium.

118 1171 301 1254 Amphoras
334 1169 512 1254 complures
544 1171 682 1253 complet
710 1167 875 1253 plumbo⁶,
903 1169 1060 1234 summasl
1089 1170 1191 1253 operit
1218 1192 1294 1236 auro

120 1285 155 1342 et
184 1282 323 1363 argento.
375 1277 442 1342 Has
470 1276 688 1360 praesentibus
716 1276 932 1360 principibus⁸
959 1277 1088 1362 deponit
1113 1277 1147 1343 in
1174 1278 1294 1361 templo

119 1385 256 1463 Dianae,
288 1383 441 1448 simulans
469 1405 503 1448 se
531 1405 604 1448 suas
631 1383 777 1448 fortunas
803 1385 933 1450 illorum
959 1384 1034 1448 fidei
1061 1385 1193 1450 credere.
1243 1384 1295 1450 Sic
1316 1389 1349 1445 10

119 1491 187 1556 illis
214 1491 248 1555 in
276 1512 413 1556 errorem
440 1489 576 1554 inductis
604 1494 724 1554 statuas
752 1513 877 1570 aeneas,
905 1514 984 1576 quas
1012 1514 1118 1557 secum
1140 1493 1296 1576 portabat,

121 1598 211 1662 omni
238 1619 296 1662 sua
322 1597 456 1683 pecunia
483 1597 623 1681 complet
652 1620 766 1682 easque
793 1599 827 1662 in
854 1600 1024 1684 propatulo
1049 1599 1155 1664 domi⁹
1178 1600 1296 1684 abjicit.

120 1704 269 1789 Gortynii
295 1705 451 1789 templum
478 1726 595 1790 magna
622 1702 731 1769 oura¹⁰
759 1707 954 1786 custodiunt,
981 1728 1045 1771 non
1071 1712 1138 1772 tam
1166 1707 1218 1770 a¹¹
1246 1731 1296 1773 ce·

122 1811 202 1876 teris
229 1834 324 1896 quam
351 1813 392 1876 ab
420 1810 614 1889 Hannibale,
641 1833 681 1875 ne
710 1811 771 1876 ille·
792 1813 998 1878 inscientibus
1025 1812 1099 1878 iisss
1127 1812 1296 1897 amphoras

119 1919 252 1984 tolleret
274 1941 442 2003 secumque
465 1915 634 1984 duceret¹⁸.
1317 1923 1350 1977 15

171 2083 221 2144 16.
266 2077 318 2144 Sic
347 2079 538 2143 conservatis
566 2078 631 2143 suis
658 2079 772 2144 rebus¹
800 2079 939 2159 Poenus,
966 2080 1068 2146 illusis
1096 2079 1297 2146 Cretensibus

120 2184 299 2265 omnibns²,
315 2185 354 2250 ad
370 2185 516 2250 Prusiam
531 2207 639 2270 regern
654 2186 687 2249 in
703 2185 889 2271 Bithyniam
904 2187 1055 2270 pervenit.
1090 2186 1187 2270 Apud
1202 2210 1298 2272 quem

121 2293 235 2358 eodem
267 2291 373 2357 animo
405 2289 486 2356 fuit⁸
518 2314 594 2378 erga
620 2290 748 2356 Italiam
779 2314 882 2378 neque
910 2293 996 2358 aliud
1023 2293 1195 2378 quidquam
1223 2293 1297 2380 egit,

121 2422 220 2484 qnam
250 2419 360 2484 regem
392 2399 525 2464 armavit
553 2403 585 2464 et
613 2400 753 2464 exercuit
781 2401 930 2465 adversus
957 2398 1145 2466 Romanae
1197 2400 1298 2478 Quem

121 2528 197 2571 oum
224 2507 344 2570 videret
367 2505 546 2570 domesticis
570 2507 683 2590 opibus
705 2505 830 2572 minus⁶
853 2529 921 2571 esse
943 2506 1122 2587 robustum,
1151 2507 1297 2572 concilia·
1316 2517 1352 2574 20

122 2610 200 2676 bat⁶
223 2616 343 2678 ceteros
365 2633 471 2698 reges,
494 2611 706 2698 adiungebat⁶
729 2613 896 2678 bellicosas
918 2615 1071 2680 nationes.
1116 2611 1299 2679 Dissidcbat

123 2719 165 2783 ab
190 2740 226 2783 eo
242 2719 456 2804 Pergamenus
479 2741 535 2784 rex
556 2717 725 2800 Eumenes,
749 2719 901 2786 Romanis
924 2721 1139 2800 amicissimus,
1163 2721 1298 2786 bellum·

123 2846 188 2910 qne
223 2823 305 2890 inter
341 2847 394 2889 eos
427 2825 596 2910 gerebatur
628 2830 660 2890 et
691 2827 771 2890 mari
803 2831 835 2892 et
866 2831 960 2892 terra.
1015 2827 1093 2892 (lum
1125 2827 1299 2892 Hannibali

123 2932 300 3017 depugnari
327 2930 499 3017 placeret⁷,
530 2931 689 3017 negabat⁸
714 2955 770 2998 rex
797 2955 830 2998 se
858 2934 984 3012 andere,
1012 2934 1098 3018 quod
1125 2939 1198 3000 exta
1224 2956 1298 3019 pro·

123 3039 279 3103 biberent
337 3036 427 3117 ,Ain’
458 3037 528 3117 tu⁹,
559 3038 664 3122 inquit
695 3039 763 3119 ille,
795 3040 984 3105 carunculae
1016 3041 1167 3106 vitulinae
1199 3041 1299 3105 mavis
1317 3051 1352 3106 25

124 3168 222 3230 qnam
253 3145 437 3230 imperatori
464 3145 563 3209 veteri
591 3146 755 3210 credere?‘
798 3145 860 3212 Sed
886 3147 1044 3212 Eumenes
1072 3147 1145 3230 plus
1172 3147 1300 3211 valebat

123 3256 256 3337 propter
276 3253 492 3318 Romanorum
515 3251 699 3317 societatem
722 3257 754 3318 et
776 3255 903 3318 navium
926 3254 1169 3318 multitudinem
1216 3253 1299 3318 Dolo

123 3360 226 3445 igitur
253 3364 320 3424 erat
346 3359 568 3444 pugnandum,
595 3381 667 3424 oum
693 3381 752 3442 par
778 3382 844 3425 non
872 3366 953 3426 esset
975 3356 1106 3425 armis¹⁰
1128 3359 1299 3425 Hannibal.

123 3465 262 3531 Jussitss
286 3486 382 3549 quam
404 3464 592 3549 plurimas¹²
613 3471 783 3531 venenatas
806 3471 967 3550 serpentes
990 3464 1112 3532 vivas¹⁸
1135 3466 1246 3552 colligi
1269 3470 1301 3532 et

125 3574 160 3637 in
191 3594 268 3636 vasa
299 3571 410 3637 fictilia
442 3573 555 3657 conjici
586 3573 754 3658 medioque
785 3573 905 3658 proelio
913 3572 940 3611 ¹⁴
971 3574 1005 3638 in
1036 3596 1136 3648 naves
1159 3574 1299 3639 hostium
1318 3581 1353 3638 30

125 3678 219 3744 mitti
266 3677 302 3743 ld
328 3677 455 3742 inici0¹³
482 3679 580 3744 risum
608 3679 813 3764 Pergamenis
842 3681 1033 3761 concitabat,
1060 3703 1175 3766 neque,
1204 3703 1300 3766 quare

125 3786 159 3850 id
175 3786 271 3862 fieret,
295 3787 419 3868 poterat
434 3785 571 3871 intelligi
578 3785 618 3870 l⁰;
642 3788 697 3852 sed
712 3787 767 3852 ubi
789 3787 986 3872 serpentibus
1010 3793 1182 3873 coeperunt
1203 3809 1300 3853 naves

125 3891 286 3977 replerifl,
310 3892 439 3974 ancipiti
462 3893 582 3977 proelio
607 3893 810 3960 circumuenti
832 3917 954 3979 puppes
977 3894 1181 3962 verterunt¹⁸.

176 4057 226 4118 17.
272 4049 360 4128 Quae
387 4051 463 4116 dum
489 4052 524 4116 in
546 4052 625 4117 Asia
651 4053 838 4138 geruntur1,
865 4054 979 4119 accidit
1007 4076 1094 4134 casu,
1121 4053 1176 4119 ut'
1201 4053 1301 4138 legati

126 4157 281 4224 Eumenis
314 4157 434 4222 Rornae
472 4159 556 4241 apud
587 4158 621 4225 L.
654 4159 819 4237 Quintium
849 4159 1066 4226 Flaminrnum
1103 4160 1299 4226 consularem
1318 4168 1353 4223 35

126 4268 278 4331 occarent
305 4269 400 4348 atque
429 4265 474 4329 ibi
502 4265 540 4329 dc
568 4264 748 4332 Hannibale
774 4266 934 4332 montione
960 4267 1047 4332 facte
1075 4289 1114 4332 ex
1140 4267 1190 4333 his
1218 4289 1300 4332 unns

126 4373 261 4450 diceret,
290 4392 363 4435 eum
389 4369 422 4434 in
446 4370 576 4436 Prusiae
602 4393 702 4457 regno
731 4394 807 4438 esse.
852 4372 890 4438 Id
916 4377 1042 4458 postero
1070 4373 1120 4438 die
1147 4373 1299 4438 Flamini-
