3092 4938
696 241 737 301 63

126 413 288 499 unquam⁷
312 415 439 479 domum
462 435 552 478 suam
576 413 718 494 contulit,
741 412 822 478 nihil
845 413 883 479 de
905 415 1000 494 victu,
1024 414 1106 480 nihil
1129 415 1167 480 de
1189 415 1304 481 vestitu

126 520 290 586 Laconum
315 518 460 586 mutarit.
509 520 614 585 Domo
642 520 751 586 eadem
778 519 840 585 fuit
867 524 1049 602 contentus,
1082 543 1145 607 qua
1173 521 1304 588 Procles

127 631 239 692 auctor
268 621 393 712 generis
423 627 529 692 fuerat
559 641 642 693 usus.
694 626 796 706 Quam
829 627 885 713 qui
916 627 1084 707 intrarat⁸,
1110 629 1234 694 nullum
1261 629 1304 694 si·

126 755 228 818 gnum
249 733 400 814 libidinis,
426 733 551 798 nullum
572 733 716 798 luxuriae
742 733 848 799 ridere
870 737 1007 819 poterat,
1036 739 1146 800 contra
1166 734 1305 820 plurima

126 840 300 925 patientiae
328 845 423 925 atque
451 839 668 906 abstinentiae.
719 823 771 905 Sic
799 837 883 904 eninr
911 846 979 907 erat
1005 833 1173 918 instructa,
1204 843 1242 905 ut
1269 844 1340 906 inb

126 948 218 1014 nulla
240 969 275 1012 re
298 946 437 1013 differret
459 970 478 1011 a
501 946 640 1031 cujusvis
662 947 766 1032 inopis
790 941 886 1032 atque
909 933 1052 1032 privarit.

173 1138 201 1211 2.
247 1143 354 1228 Atque
376 1141 430 1208 hic
452 1143 561 1208 tantus
583 1141 632 1207 vir
654 1141 710 1209 ut¹
733 1142 880 1209 naturam
902 1141 1070 1211 fautricem
1092 1141 1248 1209 habuerat
1269 1143 1302 1207 in

124 1246 302 1316 tribuendis
330 1248 427 1314 animi
453 1249 640 1329 virtutibus,
668 1247 713 1314 sic
740 1248 916 1314 maleficam
943 1253 1056 1315 nactus
1084 1241 1151 1315 est*
1177 1249 1211 1315 in
1234 1265 1302 1314 ccr-

125 1380 204 1442 pore
226 1350 382 1442 fingendo.
427 1355 512 1422 Nam
536 1359 569 1421 et
591 1359 716 1421 statura
736 1355 799 1421 iuit
821 1353 935 1420 humili
958 1353 990 1422 et
1012 1373 1142 1440 corpore
1166 1355 1301 1442 exigno⁸

126 1455 159 1528 et
187 1456 317 1529 claudus
341 1461 441 1528 altero
464 1461 571 1547 pede*.
618 1460 705 1540 Quae
727 1461 798 1528 resl
822 1463 918 1528 etiam
940 1463 1128 1528 nonnullam
1151 1461 1301 1530 afferebat
1320 1467 1356 1525 1o

125 1565 371 1651 deformitatem,
407 1573 503 1654 atque
539 1567 675 1656 ignoti‘,
714 1567 846 1634 faciem²
885 1569 952 1654 ejus
991 1589 1062 1634 com
1093 1569 1299 1647 intuerentur,
1350 1651 1353 1662 ,

125 1678 383 1757 contemnebant,
410 1677 466 1762 qui
489 1680 595 1741 autem
617 1675 750 1742 virtutes
773 1675 960 1756 noverant⁸,
988 1699 1054 1742 non
1075 1673 1222 1760 poterant
1245 1677 1299 1742 ad·

123 1781 235 1849 mirari
257 1785 342 1871 satis.
381 1779 475 1862 Quod
498 1784 527 1848 ei
549 1803 609 1848 usu
632 1783 727 1863 venit,
751 1805 824 1848 cum
847 1805 942 1848 senex
964 1803 1119 1849 annorum
1134 1783 1300 1870 octoginta

125 1886 268 1957 subsidio
291 1891 399 1957 Tacho
426 1888 461 1957 in
483 1885 668 1977 Aegyptum
695 1889 773 1955 isset
796 1890 829 1956 et
850 1891 885 1956 in
906 1891 1000 1955 litore
1024 1908 1096 1956 cum
1118 1891 1184 1956 suis
1207 1911 1298 1956 accu-

123 1999 247 2064 buisset
279 1997 345 2064 sine
376 1991 444 2063 uilo
477 1997 583 2064 tecto⁹
615 2001 813 2082 stratumque
844 1987 977 2062 baberet
1007 1997 1083 2078 tale,
1115 1988 1186 2062 ut1⁶
1212 2001 1298 2062 terra
1318 2010 1352 2066 15

122 2105 208 2172 tecta
232 2107 314 2171 esset
336 2105 517 2170 stramentis
540 2127 642 2190 neque
664 2103 727 2169 buc
750 2104 886 2188 amplius
910 2127 1006 2189 quam
1028 2104 1121 2190 pellis
1145 2107 1227 2168 esset
1249 2103 1297 2168 in-

119 2209 252 2296 jecta¹¹,
284 2213 456 2296 eodemque
489 2211 619 2277 comites
652 2233 760 2276 omnes
792 2211 1013 2276 accubuissent
1039 2211 1155 2277 vestitu
1181 2203 1297 2276 humili

123 2321 220 2402 atque
249 2317 442 2398 obsolet01',
468 2319 507 2383 ut
536 2340 644 2383 eorum
672 2322 802 2383 ornatus
824 2339 889 2382 non
911 2319 1005 2383 modo
1028 2317 1062 2382 in
1085 2317 1130 2382 eis
1152 2314 1296 2403 regem¹8

121 2425 281 2490 neminem
307 2423 545 2510 significaretfl,
577 2425 632 2490 sed
659 2424 802 2490 homines
831 2437 898 2490 esse
925 2447 990 2490 non
1017 2423 1216 2489 beatissimos
1243 2445 1295 2488 su-

122 2531 295 2614 spicionem
321 2531 495 2614 praeberet.
540 2529 654 2616 Ejus¹⁶
682 2531 720 2596 de
748 2531 884 2597 adventu
910 2529 998 2597 fama
1025 2553 1096 2596 cum
1124 2531 1164 2596 ad
1190 2530 1295 2616 regios
1314 2541 1350 2598 20

122 2641 205 2703 esset
227 2637 363 2722 perlata,
388 2639 532 2704 celeriter
555 2660 687 2704 munera
710 2647 747 2703 eo
772 2637 923 2724 cujusque
945 2638 1070 2723 generis
1092 2641 1166 2703 sunt
1188 2635 1294 2704 allata

122 2743 387 2822 Quaerentibus¹⁶
401 2744 588 2830 Agesilaum
611 2745 662 2809 vix
681 2745 761 2852 [ides
784 2745 870 2810 iacta
893 2749 950 2826 est,
972 2759 1071 2810 unum
1095 2766 1162 2809 esse
1185 2766 1224 2808 ex
1240 2743 1294 2822 eis,

123 2851 178 2936 qui
191 2856 262 2916 tum
278 2851 515 2918 accubabantss.
554 2849 615 2928 Qui
631 2874 703 2916 cum
717 2851 803 2937 regis
818 2851 966 2932 verbis¹⁸,
983 2873 1063 2936 quae
1079 2848 1293 2928 attulerant¹⁹,

120 2959 291 3038 dedissent,
328 2959 383 3022 ille
420 2963 545 3042 praeter
577 2958 745 3023 vitulinam
777 2963 809 3023 et
841 2957 995 3042 ejusmodi
1027 2959 1173 3042 opsonia,
1211 2979 1292 3043 quae

17 3087 18 3090 ¹
119 3085 267 3147 praesens
293 3067 419 3148 tempus
446 3065 658 3144 desiderabat,
689 3064 770 3130 nibil
797 3065 930 3150 accepit,
956 3069 1132 3150 unguenta,
1159 3085 1291 3130 coronas
1311 3073 1346 3130 25

119 3172 350 3256 secundamque
372 3190 514 3236 mensam
537 3173 635 3237 servis
651 3171 816 3256 dispertiit,
839 3175 941 3236 cetera
955 3171 1066 3236 referri
1078 3171 1182 3256 jussit
1220 3171 1290 3248 Quo

118 3279 211 3342 facte-
226 3299 299 3343 eum
321 3277 448 3343 barbari
470 3279 573 3364 magis
596 3279 693 3344 etiam
716 3281 981 3361 contempserunt,
1004 3277 1088 3361 quod
1111 3298 1184 3340 eum
1198 3276 1290 3361 igno-

117 3383 255 3450 rantial⁰
277 3385 433 3450 bonarum
452 3406 559 3449 rerum
573 3385 631 3449 illa
645 3383 845 3468 potissimum
861 3384 1031 3468 sumpsisse
1046 3382 1288 3448 arbitrabantur.

118 3490 195 3556 Cum
220 3513 259 3556 ex
273 3489 423 3577 Aegypto
446 3495 657 3556 reverteretur
678 3491 878 3575 venissetque
900 3491 934 3556 in
956 3493 1091 3575 portum,
1114 3489 1170 3575 qui
1185 3489 1289 3555 Mene-

117 3597 193 3663 lai¹1
225 3603 357 3664 vocatur
379 3598 489 3682 jacens
516 3598 600 3663 inter
627 3597 766 3684 Cyrenas
794 3603 826 3664 et
852 3597 1051 3683 Aegyptum,
1082 3597 1115 3664 in
1143 3598 1288 3663 morbum
1306 3606 1343 3662 30

116 3704 324 3791 implicitus²²
347 3705 487 3772 decessit.
529 3705 580 3770 lbi
603 3727 675 3770 eum
698 3706 792 3770 amici
815 3727 878 3790 quo
901 3705 1048 3790 Spartam
1070 3705 1194 3771 facilius
1216 3726 1287 3790 per-

116 3811 197 3878 ferre
230 3817 371 3897 possent,
403 3813 488 3897 quod
519 3813 584 3878 mel
614 3835 679 3877 non
710 3813 885 3891 habebant,
909 3795 989 3876 'cera
1021 3811 1287 3878 circumfuderunt

117 3924 210 4004 atque
232 3919 279 3984 ita
302 3919 430 3983 domum
452 3920 652 3985 rettulerunt.
