3074 4934
622 273 662 334 91

72 446 180 511 hortari
209 467 294 525 eum,
327 446 582 511 1111111111111111
611 469 727 531 equum
754 453 786 512 et
813 469 845 510 se
873 447 958 512 hosti
985 445 1061 531 fuga
1088 447 1229 530 eriperet.

72 553 138 617 (lum
160 553 333 637 parricidas
356 556 537 618 secuturum
558 575 591 618 se
606 557 738 638 negaret
748 551 786 633 ²⁸,
809 554 873 618 tela
888 553 1061 636 conjiciunt
1075 552 1109 616 in
1123 574 1231 638 regem

70 659 317 744 vulneratumque
345 660 538 746 relinquunt.
588 660 739 725 Jnmenta
762 681 902 745 quoqne,
935 679 974 724 ue
1002 659 1129 744 longius
1157 681 1229 743 pro·
1251 666 1265 694 *

71 765 149 850 gredi
168 771 306 850 possent,
328 767 504 848 vulnerant,
527 767 649 832 duobus
665 767 772 846 servis,
794 767 851 851 qui
865 787 974 851 regem
990 765 1230 844 comitabantur,

71 873 176 938 0111111.
231 873 304 938 Hoc
342 875 426 940 edito
458 875 599 940 facinore
630 873 834 939 Nabarzanes
866 873 1074 958 Hyrcaniam,
1113 873 1264 938 Bessus5

71 979 172 1044 Bactra
194 981 334 1065 petebat,
355 983 486 1047 barbari
509 1005 528 1046 a
550 982 682 1047 ducibus
705 981 848 1046 destituti
871 978 1107 1064 dissipantur14.

108 1147 152 1205 37.
196 1139 328 1206 Interim
347 1141 503 1225 jumenta,
526 1164 607 1226 quae
622 1141 756 1208 Darium
778 1141 945 1220 vehebant,
967 1139 1075 1204 nullo1
1097 1145 1228 1224 regente

72 1247 252 1312 decesserant
275 1248 405 1314 militari
427 1247 498 1313 via2
521 1251 553 1312 et
580 1249 611 1312 in
637 1249 773 1332 quadarn
794 1247 878 1312 valle
905 1246 1113 1312 constiterant
1140 1251 1230 1312 aestu
1250 1252 1264 1280 *

72 1357 97 1416 11
114 1356 295 1422 vulneribus
318 1357 461 1442 fatigata.
507 1355 604 1420 Hand
625 1355 738 1439 procul
761 1359 828 1420 erat
850 1353 930 1433 fons,
954 1355 994 1418 ad
1017 1375 1111 1438 quem
1132 1352 1228 1438 Poly-

72 1465 172 1528 stratus
199 1463 331 1529 Macedo
359 1463 413 1528 siti
441 1463 599 1528 cruciatus
627 1463 770 1540 accessit3
802 1463 840 1526 ac‘
866 1459 961 1526 dum³
990 1482 1106 1546 aquam
1137 1460 1229 1546 galea
1250 1464 1282 1520 10

72 1567 201 1634 haustam
216 1569 333 1648 sorbet,
352 1571 496 1652 jumenta
511 1569 674 1654 conspexit
696 1568 896 1652 hominisque
912 1567 1055 1634 semivivi
1074 1567 1229 1652 gemitum

71 1676 202 1759 percepit.
247 1677 385 1742 Dimotis
411 1671 570 1761 pellibus,
593 1675 708 1760 quibus
735 1675 916 1740 vehiculum
943 1679 1124 1740 contectum
1152 1678 1228 1750 erat,

70 1779 187 1847 Darium
209 1783 319 1848 multis
341 1781 525 1849 vulneribus
548 1782 725 1848 confectum
747 1781 872 1866 reperit.
910 1779 1031 1867 Regius
1054 1781 1139 1846 enim
1162 1780 1227 1844 cul·
1247 1785 1261 1812 *

69 1891 110 1952 tus
131 1895 160 1954 et
182 1913 296 1956 aureae
319 1895 457 1970 catenae,
480 1891 594 1974 quibus
610 1913 629 1954 a
644 1889 808 1974 parricidis
827 1889 953 1954 vinctus
973 1888 1085 1966 fuerat,
1101 1887 1227 1952 dubita·

68 1995 173 2061 tionem
197 1997 385 2062 eximebant.
430 1996 505 2062 Non
532 2001 600 2062 erat
627 1994 758 2082 expers⁴
781 1994 894 2060 Graeci
921 1994 1073 2060 sermonis
1096 1995 1226 2072 Darius;
1248 1997 1280 2052 15

67 2104 235 2188 gratiasque
258 2104 374 2189 agebat
397 2103 458 2183 dis,
485 2104 540 2188 qui
562 2107 635 2187 post
657 2106 747 2168 tanta
768 2101 853 2166 mala
875 2106 1004 2186 tamque
1031 2101 1143 2186 gravia
1165 2101 1227 2182 hoc
1247 2105 1262 2132 *

67 2213 159 2274 tamen
185 2210 369 2276 tribuissent
396 2209 534 2290 solacii⁶,
565 2199 606 2275 ne
634 2210 761 2274 omniuo
788 2209 822 2274 in
854 2208 1023 2300 solitudine
1051 2211 1262 2272 extremum*

66 2315 199 2397 spiritum
226 2317 361 2384 duceret.
409 2317 488 2384 (lum
515 2318 569 2383 siti
596 2321 778 2402 angeretur,
805 2317 904 2380 allata
930 2336 987 2400 per
1010 2314 1226 2399 Polystratum

67 2443 139 2504 aqua
159 2430 316 2491 recreatus
325 2423 347 2505 ⁶,
374 2425 476 2510 Ergo,
503 2425 619 2510 inquit,
647 2424 730 2488 hanc
753 2423 849 2489 etiam
871 2423 969 2488 tantis
992 2421 1226 2486 calamitatibus

67 2531 244 2596 extremam⁷
272 2533 418 2598 accedere
442 2530 610 2615 oportuit⁸,
637 2536 674 2595 111
699 2531 779 2595 bene
806 2530 919 2596 merito
947 2528 1083 2615 gratiam
1110 2527 1227 2591 referre
1245 2531 1280 2586 20

67 2655 122 2699 uon
134 2637 264 2721 possim;
303 2644 336 2704 11
358 2639 473 2704 referet
487 2638 676 2716 Alexander,
698 2636 880 2702 Alexandro
903 2657 979 2700 voro
1003 2635 1054 2706 111,
1072 2634 1227 2700 Dextram

67 2740 165 2808 deinde
195 2746 350 2828 porrexit,
381 2767 513 2830 eamque
545 2744 727 2810 Alexandro
764 2743 840 2808 ferri
869 2743 998 2828 jubens,
1030 2741 1261 2825 apprehensa*

22 2919 23 2934 χ
67 2844 228 2933 Polystrati
254 2873 351 2917 manu
378 2849 517 2916 animam
544 2849 671 2915 efflavit.
717 2849 899 2914 Alexander
930 2871 1007 2914 num
1034 2846 1261 2931 spirantem*

22 3043 23 3048 ἵ
68 2955 163 3020 adhue
182 2958 351 3038 invenerit,
377 2939 538 3024 incertum
555 2963 616 3036 ectr
647 2954 763 3022 illud¹⁰
786 2961 923 3036 constat,
945 2953 1119 3020 miserabili
1140 2953 1225 3039 regis

69 3063 283 3144 opulentissimi
321 3067 408 3132 1111111
445 3070 619 3150 comperto,
656 3064 804 3130 lacrimas
837 3063 1018 3148 profudisse
1056 3060 1260 3144 statimque*

22 3159 24 3230 ἶ
69 3167 219 3256 chlamyde
246 3172 308 3238 eibi
337 3173 477 3238 detracta
501 3193 615 3256 corpus
641 3171 800 3254 operuisse
827 3175 861 3234 et
887 3189 1003 3254 magno
1034 3167 1140 3234 oumll
1168 3167 1226 3230 ho-

22 3267 23 3274 *
68 3293 132 3340 nore
153 3279 193 3344 ad
217 3301 290 3344 suos
314 3280 429 3344 deferri
448 3279 589 3363 jussisse,
610 3283 647 3342 ut
666 3277 754 3363 regio
778 3278 947 3342 Persarum
970 3295 1057 3339 more
1080 3276 1226 3338 curatum

22 3407 23 3460 3
68 3387 265 3452 monumentis
288 3387 445 3471 majorum
466 3383 677 3450 inferreturffl.

104 3549 150 3612 38.
194 3543 315 3611 Verum
347 3545 520 3610 Alexandri
551 3565 656 3610 mores
687 3547 760 3628 post
792 3541 881 3607 Darii
918 3545 1054 3610 mortem
1090 3537 1227 3604 mutaril

67 3658 237 3735 coeperunt,
264 3659 296 3718 et
323 3673 418 3738 quem
445 3671 531 3717 arma
559 3649 728 3716 Persarum
755 3671 819 3715 non
841 3649 1016 3734 fregerant,
1042 3646 1120 3712 vitia
1141 3645 1226 3712 vice·
1244 3653 1279 3707 30

66 3762 136 3822 runt.
180 3759 266 3824 Hinc
289 3759 414 3844 saepius
437 3762 640 3844 comparatae
662 3758 696 3822 in
719 3761 815 3842 caput
838 3757 906 3840 ejus
929 3753 1068 3831 insidiae,
1092 3752 1226 3818 secessio

65 3859 199 3945 militum,
214 3863 314 3948 ipsius
330 3865 441 3930 deinde
456 3865 521 3930 irae
536 3868 592 3928 aut
607 3863 801 3947 suspiciones
808 3859 830 3942 ¹,
850 3846 1017 3944 ceteraque
1036 3859 1086 3925 his
1102 3857 1227 3933 similia,
1245 3865 1260 3898 *

66 3987 136 4050 quae
155 3971 240 4036 infra
262 3971 413 4038 dicentur.
1294 4057 1297 4062 Ι

143 4077 335 4144 Perventum
357 4083 424 4144 erat
446 4080 480 4143 in
502 4077 747 4156 Parthienen,
774 4075 830 4140 ubi
857 4075 934 4140 urbs
958 4077 1024 4140 erat
1046 4095 1084 4138 aa
1106 4075 1225 4154 tempe-

66 4186 136 4250 state
167 4185 252 4252 clara
279 4185 542 4272 Hecatompylos,
575 4185 701 4251 condita
733 4205 752 4248 a
779 4179 919 4259 Graecia
957 4181 1002 4246 ibi
1029 4177 1145 4244 stativa
1169 4197 1226 4268 rex
1245 4185 1279 4239 35

66 4286 167 4357 habuit
208 4293 436 4358 commeatibus
478 4293 618 4378 undique
656 4290 801 4356 advectis.
861 4287 975 4374 ltaque
1012 4305 1122 4351 rumor
1160 4283 1227 4349 sine

68 4401 183 4464 auctore
209 4399 420 4484 percrebruit,
442 4421 550 4484 regem
574 4403 757 4464 contentum
779 4397 888 4474 rebus,
912 4417 990 4478 quas
1013 4393 1170 4478 gessisset,
1192 4392 1226 4455 in
