3074 4934
856 256 899 316 96

294 435 343 495 est
369 429 484 494 Bessus
512 450 577 492 non
604 429 729 494 vinctus
756 429 865 506 modo,
892 428 947 492 sed
970 427 1065 491 etiam
1087 427 1174 490 omni
1196 425 1373 490 velamento
1397 445 1461 489 cor·

294 535 380 620 poris
407 533 589 619 spoliatus⁸.
633 533 846 619 Spitamenes,
872 555 954 598 unus
982 555 999 598 e
1030 533 1215 616 conjuratis,
1243 553 1316 596 eum
1337 531 1462 595 tenebat

261 646 405 707 *catena
432 643 516 707 collo
543 642 672 726 injecta,
698 647 765 706 tam
791 641 934 706 barbaris
964 662 1059 724 quam
1087 638 1312 704 Macedonibus
1339 642 1462 723 gratum

296 749 519 834 spectaculum.
570 748 751 814 Alexander
778 747 941 813 Oxathren
972 747 1103 812 fratrem
1129 745 1234 825 Darii,
1265 767 1361 830 quem
1387 745 1463 808 inter
1510 779 1513 790 ·

261 857 435 940 boorporis
475 857 620 921 custodes
651 847 803 934 habebat,
842 856 971 940 propius
1000 854 1095 939 jussit
1127 854 1287 932 accedere,
1324 852 1463 936 tradique

296 963 430 1028 Bessum
468 963 510 1042 ei,
547 967 585 1027 ut
623 963 709 1028 cruci
747 960 895 1027 affixum⁴
932 960 1087 1026 mutilatis
1120 960 1247 1024 auribus
1277 959 1464 1041 naribusque

297 1069 423 1154 sagittis
448 1069 642 1154 configerent
664 1069 800 1134 barbari.
839 1067 1067 1132 Verumtamen
1082 1066 1272 1150 supplicium
1288 1066 1357 1149 ejus
1373 1065 1464 1129 distu-

297 1176 345 1254 lit,
367 1179 404 1240 ut
426 1197 463 1240 co
486 1176 567 1255 loco,
588 1177 622 1240 in
645 1197 708 1260 quo
731 1174 866 1240 Darium
887 1175 955 1258 ipse
976 1174 1142 1251 occiderat,
1164 1177 1336 1238 necaretur.

263 1293 279 1326 *
387 1281 574 1348 Condendae
596 1283 668 1347 urbi
691 1283 796 1347 sedem
818 1281 852 1346 in
874 1281 944 1365 ripa
957 1279 1098 1344 laxantis
1121 1279 1268 1364 elegerat.
1307 1277 1465 1354 Quantum

247 1387 380 1456 103011ὖ
418 1395 627 1473 occupaverat
664 1389 788 1466 castris,
825 1410 916 1453 muro
955 1387 1167 1452 circumdedit.
1221 1385 1314 1450 Hanc
1345 1405 1466 1468 quoque

299 1495 411 1560 urbam
438 1495 666 1560 Alexandriam
698 1495 852 1580 appellari
874 1495 978 1580 jussit.
1027 1493 1153 1559 Incolae
1180 1515 1281 1557 novae
1308 1491 1381 1556 urbi
1408 1491 1466 1555 dati

301 1607 374 1666 sunt
396 1603 523 1687 captivi,
546 1624 625 1686 quos
648 1601 790 1668 reddito⁰
811 1603 914 1686 pretio
938 1601 1072 1666 dominis
1095 1599 1250 1665 liberavit.

345 1769 397 1829 45.
442 1762 488 1827 At
519 1785 575 1828 rex
607 1761 847 1846 Scytharum,
879 1763 968 1846 cujus
1000 1765 1069 1825 tum
1100 1761 1187 1824 ultra
1218 1759 1384 1824 Jaxartem
1414 1757 1466 1820 im·

300 1871 423 1954 perium
446 1873 526 1948 erat,
548 1875 637 1934 ratus
661 1893 730 1934 cam
752 1869 873 1946 urbem,
896 1891 993 1953 quam
1014 1869 1048 1932 in
1070 1868 1140 1952 ripa
1163 1867 1264 1932 amnis
1286 1865 1466 1930 Macedones

252 1977 523 2054 recondiderant,
550 1977 617 2041 suis
643 1977 826 2062 impositam
849 1999 916 2041 esse
938 1975 1121 2052 cervicibus,
1143 1974 1274 2038 fratrem
1296 1972 1464 2038 Carthasim

302 2084 430 2148 nomine
461 2107 533 2148 cum
564 2105 681 2169 magna
710 2083 852 2168 equitum
879 2105 975 2147 manu
1002 2082 1090 2147 misit
1118 2081 1158 2146 ad
1186 2103 1255 2144 earn
1283 2079 1466 2144 diruendam.

303 2189 389 2267 Quos
411 2194 448 2254 ut
470 2191 646 2275 repelleret,
669 2212 725 2255 rex
747 2191 780 2254 in
802 2194 887 2254 rates
910 2188 1081 2254 exercitum
1102 2185 1283 2271 imposuic1.
1321 2185 1360 2250 In
1375 2184 1466 2270 proris

303 2297 454 2382 clipeatos
487 2296 666 2362 locaverat¹
693 2297 800 2380 jussos
830 2297 865 2361 in
895 2316 1000 2380 genua
1027 2295 1201 2372 subsidere,
1233 2291 1316 2377 quo²
1343 2293 1466 2356 tutiores

304 2408 408 2468 essent
430 2401 491 2469 ab8
513 2405 580 2469 ictu
602 2403 803 2488 sagittarum3
827 2403 948 2487 equites
972 2427 991 2466 a
1013 2399 1137 2486 puppe4
1160 2422 1258 2484 equos
1273 2403 1386 2464 nantes
1400 2397 1466 2462 loris

250 2517 285 2571 20
303 2509 479 2575 trahebant.
534 2510 669 2574 Barbari
699 2510 862 2593 ingentem
893 2510 958 2574 rim
990 2507 1180 2594 sagittarum
1211 2507 1413 2590 conjecerunt
1440 2503 1467 2566 in

303 2621 401 2695 rates,
438 2617 554 2700 vixque
591 2617 693 2681 ullum
724 2616 789 2680 fuit
820 2620 957 2695 scutum,
995 2615 1081 2699 quod
1112 2637 1176 2679 non
1207 2612 1353 2698 pluribus
1385 2610 1469 2676 simul

305 2722 435 2807 spiculis
467 2721 708 2807 perforaretur⁵.
762 2722 837 2787 Jam
867 2726 969 2788 terrae
1000 2726 1084 2786 rates
1117 2720 1204 2805 appli
1222 2720 1371 2798 abantur,
1407 2737 1469 2782 cum

306 2831 389 2895 acies
421 2831 555 2914 clipeata
586 2830 749 2916 consurgit
780 2840 812 2895 ct
838 2830 947 2896 hastas
975 2834 1060 2895 certo
1086 2829 1153 2894 ictu
1224 2827 1278 2892 ttit
1307 2849 1324 2891 e
1351 2825 1470 2890 ratibus.

305 2937 353 3003 Ut
389 2938 519 3002 territos
556 2939 664 3003 hostes
701 2937 862 3016 viderunt,
900 2938 1019 3002 alacres
1056 2937 1090 3001 in
1127 2941 1246 3011 terram
1277 2934 1470 3003 desiluenut

273 3051 288 3080 ⁴*
306 3045 450 3108 turbatos
489 3045 603 3110 acriter
634 3045 873 3130 aggrediuntur.
924 3044 1080 3128 Equitum
1112 3043 1223 3108 deinde
1255 3047 1378 3107 turmae
1408 3058 1471 3123 per·

307 3151 471 3236 fregerimt
502 3151 707 3216 barbarorum
740 3151 846 3216 aciem.
900 3149 1036 3214 Barbari
1068 3171 1177 3215 omnes
1211 3147 1318 3214 effusis
1349 3143 1470 3212 habenis

308 3259 457 3342 (namque
481 3257 635 3342 equestris
659 3256 742 3322 acies
765 3257 845 3342 erat)
869 3259 1035 3340 capessunt
1057 3254 1195 3342 fugam⁶.

272 3371 288 3404 *
396 3363 502 3448 Hujus
525 3369 593 3428 tam
616 3369 812 3448 opportunae
835 3363 986 3428 victoriae
1007 3362 1094 3427 fama
1118 3362 1195 3427 Asia
1215 3363 1282 3446 jam
1305 3380 1418 3445 magna
1438 3379 1472 3420 ex

309 3476 398 3552 parte
425 3471 591 3536 deficiens⁷
621 3471 739 3536 domita
763 3475 820 3538 est.
864 3469 1003 3536 Invictos
1027 3469 1161 3554 Scythas
1185 3491 1252 3534 esse
1275 3469 1472 3536 crediderant:

254 3583 291 3638 30
311 3575 448 3658 quibua⁸
478 3578 588 3643 fractis
615 3579 738 3642 nullam
764 3581 892 3663 gentem
919 3577 1127 3642 Macedonum
1155 3576 1252 3640 armis
1279 3597 1388 3659 parem
1413 3572 1472 3636 fore

311 3681 550 3749 confitebantur.
595 3683 708 3768 ltaque
732 3683 847 3750 Sacae
874 3684 1017 3768 aliaeque
1039 3688 1152 3768 gentes
1175 3683 1331 3747 miserunt
1353 3683 1473 3766 legatos

311 3790 366 3874 qui
388 3791 646 3874 pollicerentur⁹,
673 3791 828 3876 imperata
851 3813 885 3856 se
908 3813 975 3855 esse
997 3787 1179 3855 facturosffl.
1226 3789 1333 3854 Armis
1356 3787 1473 3873 quidam

311 3897 434 3962 subacti
462 3902 549 3977 sunt,
575 3899 659 3963 inter
686 3920 740 3963 eos
769 3897 891 3962 exsudes
915 3896 1092 3974 Bactriani,
1121 3897 1176 3980 qui
1199 3917 1271 3962 cum
1293 3890 1473 3980 octingentis

311 4004 614 4090 Massagetarum
635 4004 807 4091 equitibus,
829 4003 917 4068 mille
932 4003 1124 4068 Daharum
1143 4011 1261 4068 terram
1276 4001 1474 4068 vastaverant.

259 4117 293 4171 35
314 4109 456 4187 Quorum
479 4110 567 4174 clade
590 4111 688 4175 totius
712 4110 851 4196 regionis
874 4110 964 4173 finita
987 4109 1119 4174 defectio
1143 4113 1199 4176 cst.

358 4277 410 4336 46.
455 4269 515 4334 His
546 4269 640 4334 rebus
673 4269 843 4334 confectis¹
871 4269 1051 4334 Alexander
1077 4270 1269 4334 Maracanda
1299 4269 1408 4334 urbem
1432 4284 1475 4327 re

313 4375 402 4459 petit.
450 4375 528 4440 Inde
566 4375 697 4440 devertit
727 4376 762 4440 in
793 4376 968 4460 regionem,
1004 4397 1085 4460 quae
1116 4376 1296 4460 appellatur
1328 4367 1477 4440 Bana?
