3092 4938
542 773 575 840 9.
609 773 821 841 Alcibiades.

143 975 171 1034 1.
216 969 253 1033 In
282 968 450 1034 Alcibiade
478 968 599 1033 Cliniae
631 969 698 1033 filio
728 969 914 1034 Atheniensi
940 976 1065 1048 natura,
1098 971 1173 1054 quid
1201 971 1269 1035 elfi-

94 1097 166 1140 cere
189 1076 318 1159 possitl,
340 1077 465 1140 videtur
488 1081 617 1160 experta
640 1098 716 1140 esse.
763 1076 894 1141 Constat
917 1078 999 1141 enim
1021 1078 1104 1142 inter
1132 1077 1269 1156 omnesi,
1287 1087 1301 1116 ⁴*

94 1182 152 1266 qui
175 1183 214 1246 de
238 1203 274 1246 eo
297 1183 467 1284 rqemoriae
489 1181 722 1265 prodideruntss,
745 1183 825 1246 nihil
848 1183 905 1247 illo
928 1183 1026 1247 fuisse
1047 1183 1269 1249 excellentius4

93 1290 146 1353 vel
179 1289 212 1352 in
244 1289 329 1352 vitiis
356 1289 408 1352 vel
435 1289 469 1352 in
495 1288 674 1354 virtutibus.
719 1288 824 1354 Natus
852 1290 885 1353 in
913 1289 1106 1374 amplissima
1134 1291 1269 1374 civitate,

92 1418 220 1460 summo
244 1395 386 1480 genere⁵,
414 1396 554 1460 omnium
578 1397 690 1461 aetatis
718 1419 793 1460 suae
821 1397 1076 1475 formosissimus,
1100 1399 1138 1461 ad
1162 1419 1269 1462 omnes
1289 1409 1305 1460 5

92 1526 146 1567 res
179 1507 271 1584 aptus
304 1502 489 1586 consiliique
520 1502 660 1586 plenusl,
698 1503 846 1582 disertus,
882 1509 918 1568 ut
948 1505 1102 1588 imprimis
1135 1505 1267 1569 dicendo

91 1609 216 1674 valeret
224 1607 245 1687 ⁷,
277 1609 363 1694 quod
397 1613 487 1673 tanta
514 1613 581 1673 erat
609 1611 840 1674 commendatio
873 1609 936 1674 oris
964 1615 1059 1694 atque
1087 1611 1238 1676 orationis
1247 1610 1269 1690 ⁸,

91 1720 132 1779 ut
158 1737 251 1779 nemo
279 1716 307 1780 ei
334 1720 442 1800 posset
469 1717 628 1795 resistere,
656 1739 728 1781 cum
755 1722 880 1800 tempus
912 1723 1055 1800 posceret
1081 1718 1269 1796 laboriosus,

91 1823 234 1906 patiens,
260 1823 457 1905 temporibus
485 1823 686 1888 callidissime
713 1823 880 1902 serviens⁹,
911 1822 1038 1904 idem¹⁰,
1069 1825 1205 1889 simulac
1237 1847 1271 1889 se
1290 1834 1304 1862 *

90 1929 259 1994 remiserat
278 1951 381 2014 neque
401 1951 495 1994 cansa
514 1931 650 2008 suberat,
674 1953 772 2014 quare
794 1931 890 1994 animi
912 1931 1053 1996 laborem
1076 1932 1269 2015 perferret11,
1291 1939 1323 1993 10

90 2036 292 2114 luxuriosus,
336 2037 520 2114 dissolutus,
562 2037 775 2120 intemperans
817 2038 1044 2121 reperiebatur,
1087 2044 1123 2101 ut
1162 2059 1270 2102 omnes

90 2143 338 2221 admirarentur,
380 2143 414 2206 in
451 2165 514 2207 uno
553 2143 680 2207 homine
717 2148 839 2208 tantam
877 2167 944 2208 esse
982 2145 1269 2208 dissimilitudinem

89 2255 225 2332 tamque
252 2249 406 2313 diversam
434 2255 588 2316 naturam.
633 2249 794 2314 Educatus
822 2251 901 2314 est¹²
927 2251 960 2313 in
988 2251 1113 2314 domo¹³
1137 2250 1268 2314 Periclis

90 2356 140 2440 (in
180 2355 247 2439 ejus
286 2356 369 2420 enim
406 2356 508 2420 tutela
544 2356 641 2420 fuisse
680 2354 854 2442 diciturss),
892 2357 1030 2421 eruditus
1070 2379 1088 2420 a
1126 2356 1270 2435 Socrate,

91 2461 274 2526 socerum¹⁶
301 2463 414 2527 hebuit
437 2462 668 2547 Hipponlcum,
695 2463 836 2528 omnium
860 2462 978 2528 Graeca
1000 2464 1111 2549 lingua
1132 2465 1267 2548 loquen—
1289 2472 1322 2525 15

89 2571 175 2634 tium
207 2569 409 2634 ditissimum:
448 2569 528 2649 ut¹⁶,
559 2571 586 2634 si
617 2571 685 2655 ipse
716 2571 837 2655 fingere
867 2570 1007 2656 vellet¹⁷‚
1040 2594 1143 2656 neque
1177 2572 1270 2654 plura

90 2678 178 2740 bona
207 2667 404 2740 ‘comminisci
436 2699 538 2762 neque
569 2678 691 2761 majora
721 2677 864 2761 posset¹⁸
896 2679 1059 2761 consequi,
1091 2700 1186 2761 quam
1220 2679 1271 2741 rel

90 2787 209 2848 natura
230 2783 281 2846 vel
304 2783 433 2847 fortuna
457 2783 621 2848 tribuerat.

139 3005 168 3061 2.
215 2995 308 3060 Bello
347 2997 596 3080 Peloponnesio1
629 2996 725 3081 hujus
763 2997 894 3062 consilio
932 3001 1027 3081 atque
1065 2996 1270 3061 auctoritate²

91 3103 305 3167 Athenienses
332 3103 452 3166 bellum
480 3102 686 3186 Syracusanis
713 3101 915 3169 intulerunt⁸.
964 3103 1037 3167 dam
1070 3103 1153 3167 enim
1181 3108 1270 3168 sexto
1289 3112 1324 3166 20

92 3211 162 3292 ejus
185 3209 262 3273 belli
285 3231 367 3272 anno
382 3208 530 3273 Leontini
553 3210 696 3294 aliaeque
712 3209 837 3275 Siciliae
860 3210 1003 3274 civitates
1027 3232 1046 3273 a
1065 3209 1270 3293 Syracusanis

91 3321 240 3394 vexatae,
268 3313 352 3380 suis4
375 3316 495 3380 viribus
524 3317 645 3381 diffisae
673 3317 824 3381 auxilium
852 3318 891 3381 ab
915 3316 1161 3380 Atheniensibus
1189 3316 1269 3398 peti·

91 3421 235 3488 verant⁵.
281 3422 326 3486 Hi
353 3445 408 3487 seu
436 3423 540 3487 studio
567 3424 697 3507 majoris
719 3422 871 3506 imperiil,
894 3445 949 3486 seu
972 3427 1067 3499 metu,
1090 3421 1152 3486 ne⁷
1174 3420 1270 3486 Lace·

93 3530 270 3594 daemoniis
298 3529 566 3613 Syracusanorum
598 3530 680 3594 vires
708 3531 903 3608 accederent,
931 3530 1046 3594 classes
1073 3529 1107 3592 in
1130 3528 1271 3594 Siciliam

92 3637 260 3714 miserant,
292 3641 329 3700 ut
359 3657 416 3718 per
448 3635 584 3720 speciem
611 3636 735 3700 ferendi
760 3635 922 3701 Leontinis
954 3634 1083 3700 anxilii⁸
1110 3640 1270 3701 tentarent
1289 3646 1325 3698 25

94 3743 222 3809 Siciliae
253 3743 428 3827 imperium.
485 3742 546 3808 Sed
574 3742 752 3808 Sicilienses
784 3744 850 3808 sive
881 3747 968 3807 metu
999 3743 1271 3820 Atheniensium⁹,

93 3851 163 3915 sive
188 3849 294 3916 taedio
323 3847 435 3914 belli1⁰
458 3849 566 3933 paceni
595 3873 667 3914 cum
691 3850 909 3934 Syracusanis,
935 3851 1073 3914 remissis
1096 3849 1270 3915 Athenien·

94 3958 179 4022 sium
210 3955 350 4034 auxiliis,
377 3955 524 4021 fecerant.
570 3956 691 4021 Deinde
718 3978 789 4021 cum
817 3957 894 4020 fides
917 3957 1002 4039 pacis
1026 3979 1045 4020 a
1067 3955 1271 4040 Syracusanis

94 4086 161 4128 non
188 4068 381 4142 servaretur,
405 4063 571 4148 Segestani
598 4065 699 4128 denuo
726 4064 850 4148 legatos
873 4063 1017 4128 Athenas
1040 4063 1183 4140 mittunt,
1216 4063 1271 4145 qui

96 4171 223 4235 sordida
242 4174 340 4248 veste,
362 4171 478 4254 capillo
493 4170 655 4254 barbaque
670 4169 867 4253 promissis11
883 4171 1039 4254 supplices
1047 4168 1074 4206 ¹2
1090 4169 1271 4233 contionem
1289 4176 1326 4231 30

96 4277 261 4356 adeunt¹⁸;
300 4278 419 4343 addunt
456 4278 603 4362 precibus
634 4277 779 4342 lacrimas
811 4278 850 4341 ad
882 4276 1127 4342 misericordiam
1159 4276 1271 4360 populi

96 4385 355 4449 commovendam
364 4383 399 4448 1⁴.
430 4384 596 4448 Alcibiade
617 4382 801 4448 suadente²⁶
817 4383 925 4448 classis
949 4383 1061 4468 ingens
1084 4383 1270 4447 decernitur.
