3074 4934
852 264 893 324 80

286 439 415 504 firmant
451 438 571 502 animos
604 436 771 522 Tyriorum
780 436 807 474 ¹⁶
839 435 1147 522 Carthaginiensium
1183 433 1296 520 legati,
1333 435 1391 518 qui
1422 435 1460 500 ad

288 545 509 610 celebrandum
532 565 656 608 sacrum
679 543 927 608 anniversarium
949 564 1036 608 more
1056 538 1195 626 patrio¹⁶
1210 546 1287 606 tunc
1301 547 1460 607 venerant.

288 651 512 737 Carthaginem
540 650 624 716 enirn
651 650 741 735 Tyrii
768 650 986 729 condiderunt,
1013 649 1055 713 ob
1084 670 1216 732 eamque
1242 670 1311 712 rem
1338 670 1461 732 semper
1523 638 1524 720 l

287 763 455 842 parentum
477 756 584 823 loco²⁷
609 757 687 822 culti
709 762 790 822 0001.
837 757 969 822 Hortari
992 777 1067 841 ergo
1090 753 1191 820 Poeni
1213 759 1400 838 coeperunt,
1426 761 1461 820 01
1523 735 1524 752 ¹

254 865 485 931 tobsidionem
516 864 594 929 forti
626 864 731 928 animo
765 867 962 948 paterentur,
999 863 1087 927 brevi
1119 861 1311 947 Carthagine
1344 861 1462 926 auxilia
1523 835 1524 866 r

287 977 421 1037 ventura
444 993 519 1036 esse.
563 971 649 1036 Nam
671 993 707 1036 eo
730 975 872 1054 tempore
894 991 1011 1055 magna
1033 991 1072 1033 ex
1094 967 1219 1052 parte¹⁸
1233 967 1362 1032 Punicis
1387 969 1462 1032 clas·

289 1079 376 1144 sibus
403 1078 503 1143 maria
531 1078 763 1144 obsidebantur.
808 1077 870 1144 Sed
898 1076 1070 1142 domestico
1098 1075 1185 1140 bello
1211 1074 1336 1139 Poenos
1363 1074 1463 1158 impe-

290 1185 350 1250 diri
371 1187 468 1271 paulo
490 1190 562 1269 post
584 1187 763 1250 nuntiatum
788 1190 844 1251 001.

340 1351 389 1411 18.
435 1345 559 1412 Interea
574 1347 762 1412 Macedones
786 1346 923 1411 insulam
939 1367 1011 1410 cum
1027 1342 1201 1410 continenti
1223 1341 1307 1408 mole
1328 1343 1463 1427 jungere

239 1468 272 1523 10
290 1453 455 1538 parabant.
506 1453 624 1539 Magna
650 1454 698 1518 vis
730 1475 879 1518 saxorum
907 1453 947 1518 ad
977 1474 1106 1516 manum
1134 1455 1214 1529 erat,
1246 1449 1330 1534 Tyro
1358 1453 1465 1513 vetere
1524 1457 1525 1474 ³

166 1613 169 1620 ,
290 1561 475 1644 praebente,
502 1561 635 1626 materia
658 1583 697 1624 ex
719 1560 839 1625 Libano
862 1564 971 1625 monte
994 1560 1033 1624 ad
1055 1563 1140 1623 rates
1163 1562 1195 1622 01
1221 1562 1324 1622 turres
1346 1556 1465 1620 facien-

291 1668 346 1732 das
369 1666 590 1734 advehebatur.
628 1667 764 1751 Jamque
786 1668 918 1751 paulum
940 1667 1039 1732 moles
1063 1688 1103 1730 ex
1125 1687 1209 1749 aqua
1232 1663 1391 1729 eminebat
1413 1685 1465 1727 ur-

291 1774 386 1858 bique
413 1775 653 1854 admovebatur,
681 1796 753 1839 cum
781 1774 870 1859 Tyrii
896 1773 1002 1857 parvis
1029 1773 1164 1859 navigiis
1194 1793 1273 1856 opus
1301 1771 1465 1836 circumire

292 1885 462 1963 coeperunt
484 1881 720 1966 missilibusque
743 1903 810 1961 eos,
838 1881 893 1965 qui
915 1903 973 1964 pro
998 1879 1112 1965 opere1
1134 1879 1275 1958 stabant,
1302 1879 1466 1943 lacessere·
1525 1860 1526 1942 1

240 2001 273 2054 15
293 1988 361 2052 Rex
388 1987 488 2072 igitur
515 1988 601 2053 coria
626 1989 760 2072 velaque
784 1988 879 2072 jussit
906 1987 1120 2052 munientibus
1148 1985 1291 2064 obtendi,
1317 1988 1355 2050 nt
1378 1990 1465 2050 extra
1525 1961 1526 2052 l

291 2094 349 2158 teli
371 2094 493 2178 jactum
522 2099 638 2174 essent,
671 2095 812 2180 duasque
839 2100 942 2160 turres
970 2092 1029 2158 ex²
1056 2093 1159 2178 capito
1186 2092 1280 2157 molis
1309 2092 1422 2171 erexit,
1450 2115 1465 2156 0

293 2201 407 2284 quibus
429 2201 463 2266 in
486 2202 656 2267 subeuntes
679 2201 812 2286 scaphas
835 2201 900 2266 tela
921 2201 1026 2286 ingeri
1051 2203 1191 2284 possent.
1237 2198 1356 2264 Contra
1378 2198 1465 2282 Tyrii

292 2329 406 2371 navem
429 2309 648 2392 magnitudine
665 2306 808 2388 eximia⁸,
831 2308 915 2372 saxis
940 2329 1096 2391 arenaque
1119 2329 1139 2370 a
1160 2303 1280 2390 puppi*
1295 2309 1466 2382 oneratam,

292 2413 338 2477 ita
360 2417 397 2478 ut
419 2414 556 2478 multum
579 2436 673 2499 prora
696 2415 855 2494 emineret,
878 2414 1033 2479 bitumine
1056 2435 1093 2478 ao
1116 2413 1267 2497 sulphure
1287 2413 1404 2477 illitam
1419 2434 1465 2476 re-

240 2531 275 2587 20
293 2520 353 2584 mis
385 2520 597 2585 incitaverunt
630 2525 662 2586 et
692 2522 726 2586 in
758 2522 876 2586 molem
906 2521 1108 2605 impulerunt.
1159 2519 1242 2586 Tum
1272 2535 1368 2604 prora
1402 2520 1468 2603 ejus

260 2638 275 2668 ⁴
295 2642 426 2690 accensa
452 2627 588 2712 remiges
616 2628 810 2693 desiluemnt
835 2628 870 2692 in
896 2629 1043 2713 scaphas,
1076 2649 1158 2711 quae
1185 2627 1225 2692 ad
1256 2627 1317 2691 hoc
1344 2624 1468 2710 ipsum⁵
1526 2603 1527 2694 l

262 2738 500 2818 *praeparatae
532 2734 753 2818 sequebantur.
802 2733 902 2800 Navis
935 2738 1041 2800 autem
1072 2735 1146 2820 igne
1185 2737 1336 2818 concepto
1373 2733 1469 2798 latius

294 2839 426 2904 fundere
447 2840 627 2906 incendium
643 2841 755 2925 coepit,
780 2842 865 2926 quod
887 2845 990 2907 turres
1013 2846 1045 2906 et
1068 2846 1172 2906 cetera
1195 2863 1292 2926 opera
1313 2841 1470 2925 incapite

295 2947 388 3012 molis
419 2947 523 3032 posita
555 2949 801 3031 comprehendit.
849 2947 918 3015 Nec
950 2949 1095 3014 incendio
1129 2947 1233 3014 solum
1265 2969 1362 3032 opera
1395 2970 1470 3013 con-

261 3063 277 3094 *
296 3057 422 3138 sumpta
448 3057 535 3134 sunt,
563 3056 618 3119 sed
644 3053 727 3120 forte
755 3057 863 3121 eodem
891 3056 941 3121 die
964 3056 1180 3122 vehementior
1208 3058 1321 3120 ventus
1348 3059 1472 3120 motum

297 3183 335 3225 ex
361 3161 518 3244 profundo
546 3183 632 3226 mare
658 3161 750 3226 illisit
775 3162 810 3226 in
836 3162 968 3242 molem,
1000 3161 1178 3246 crebrisque
1209 3161 1358 3226 fluctibus
1387 3182 1472 3226 com-

262 3279 277 3308 *
295 3288 393 3352 pages
417 3268 520 3351 operis
542 3268 782 3334 verberantibus
804 3267 960 3334 mediam⁶
982 3270 1100 3334 molem
1122 3270 1207 3335 unda
1229 3268 1382 3353 perrupit.

343 3433 392 3492 19.
438 3428 508 3494 Rex
535 3451 650 3494 novam
676 3431 794 3494 molem
821 3429 930 3494 orsus1
961 3429 994 3494 iu
1026 3431 1192 3495 adversum
1224 3433 1355 3494 ventum
1385 3431 1473 3493 recta

296 3533 420 3598 fronte²
448 3535 574 3613 direxit,
604 3558 684 3620 quae
712 3542 816 3601 cetera
839 3558 934 3621 opera
961 3535 1136 3615 tueretur33
1163 3536 1365 3602 latitudinem
1393 3556 1473 3619 quo·

245 3647 280 3704 80
299 3661 360 3722 000
382 3642 492 3725 aggeri
514 3640 657 3725 adjecit4.
694 3641 763 3707 Nec
778 3643 875 3726 Tyrii,
899 3643 1052 3727 quidquid
1074 3644 1114 3708 ad
1136 3642 1370 3726 impediendum
1391 3663 1473 3726 opus

299 3747 471 3831 excogitari
497 3747 650 3831 poteratl,
678 3747 836 3833 00001100θ
859 3750 1120 3835 exsequebantur.
1165 3749 1240 3815 Jam
1263 3749 1377 3814 dubius
1405 3753 1474 3813 erat

298 3853 492 3933 Alexander,
522 3860 630 3921 ulrum
657 3859 872 3940 perseveraret
899 3856 959 3920 an⁷
987 3857 1102 3933 abiret,
1131 3879 1203 3922 cum
1230 3857 1339 3922 classis
1368 3854 1473 3940 Cypro

299 3961 427 4026 advenit
455 3965 581 4026 centum
608 3967 640 4027 et
666 3964 841 4048 nonaginta
867 3963 1023 4029 navium⁸.
1068 3963 1201 4029 Postero
1226 3963 1276 4028 die
1304 3963 1405 4028 classe
1434 3963 1476 4026 ad

299 4068 425 4132 moenia
452 4067 580 4132 admota
606 4069 746 4154 undique
774 4070 939 4135 tormentis
963 4075 1058 4154 atque
1086 4070 1237 4135 arietibus
1263 4091 1371 4134 muros
1395 4092 1475 4153 qua-

246 4179 280 4234 35
299 4173 371 4252 tit⁹3
399 4170 514 4258 000010
540 4173 629 4259 Tyrii
654 4176 771 4258 raptim
798 4176 969 4242 obstructis
998 4177 1081 4241 saxis
1108 4177 1294 4242 refecerunt.
1339 4173 1393 4240 Ad
1414 4175 1476 4240 im·

299 4279 446 4362 plicanda
468 4280 604 4364 navigia,
627 4303 709 4366 quae
731 4303 838 4346 muros
854 4282 1011 4361 subibant,
1033 4282 1155 4348 validos
1171 4305 1289 4348 asseres
1312 4287 1475 4348 tormento

300 4391 463 4468 promotos
495 4388 687 4472 injiciebant.
741 4387 825 4454 Unci
858 4411 983 4478 quoque
1016 4394 1048 4454 et
1085 4389 1181 4455 falces
1214 4389 1284 4454 ex²¹
1317 4390 1476 4454 asseribus
