3074 4934
848 239 911 299 116
1508 209 1509 274 l

298 419 490 501 negaretque
528 410 689 498 unquam8
726 411 901 477 beatiorem
939 433 1131 496 quemquam
1168 409 1295 489 fnisse⁴,
1338 409 1457 487 ,Visnel

299 522 410 607 igitur,
437 520 554 604 inquit,
583 542 602 585 o
625 519 793 599 Damocle,
822 519 972 603 quoniam
994 523 1026 584 te
1049 518 1128 583 haec
1150 518 1216 582 vita
1238 518 1381 596 delectat,
1401 517 1458 600 ipse

299 651 368 692 eam
407 627 576 712 degustare
614 629 646 691 et
682 625 844 690 fortunam
877 625 1011 708 experiri
1043 629 1182 690 meam?“
1243 623 1322 688 (lum
1353 646 1386 688 se
1413 623 1459 686 ille

299 757 412 821 cupere
439 733 584 814 dixisset,
613 733 764 798 collocari
787 733 883 816 jussit
912 732 1071 796 bominem
1093 732 1128 796 iu
1151 753 1245 796 aureo
1268 732 1350 796 lecto
1373 734 1459 794 strato

264 852 280 905 5
299 842 514 927 pulcherrimo
537 840 644 906 textili
659 839 802 925 stragulo
810 838 832 918 ⁶,
854 839 1030 924 magnificis
1045 839 1193 922 operibus
1208 839 1294 923 picto
1301 837 1323 916 ⁶,
1347 838 1460 902 abacos·

300 972 361 1034 que
400 950 576 1033 complures
615 947 740 1012 ornavit
778 951 911 1031 argento
944 967 1083 1030 auroque
1116 943 1266 1010 caelato⁷.
1320 944 1401 1009 Tum
1429 944 1461 1006 ad

300 1079 441 1120 mensam
467 1055 582 1120 eximia
604 1053 725 1118 forma⁸
748 1075 864 1138 pueros
888 1053 1026 1117 delectos
1047 1053 1142 1136 jussit
1165 1052 1336 1117 consistere
1360 1072 1461 1134 eosque

300 1165 413 1226 nutum
436 1161 523 1225 illius
546 1159 704 1225 intuentes
721 1159 890 1244 diligenter
904 1158 1090 1223 ministrare.
1128 1157 1290 1223 Aderaut⁹
1305 1161 1462 1244 unguenta,

301 1290 450 1345 coronae3
481 1267 729 1332 incendebantur
762 1267 887 1346 odores,
919 1287 1045 1330 mensae
1073 1265 1347 1348 conquisitissimis
1375 1263 1462 1348 epulis

252 1385 285 1439 10
305 1374 563 1450 exstruebantur;
600 1373 782 1438 fortunatus
820 1371 881 1436 sibi
912 1371 1081 1436 Damocles
1118 1371 1292 1437 videbatur.
1346 1371 1384 1436 Iu
1413 1371 1463 1434 hoc
1511 1431 1512 1454 ,

302 1478 440 1545 medio¹⁰
473 1483 628 1564 apparatu
657 1479 833 1564 fulgentem
865 1479 1007 1564 gladium
1035 1501 1052 1543 e
1078 1478 1220 1543 lacunari
1248 1483 1336 1543 saeta
1364 1477 1464 1562 equina
1511 1469 1512 1476 ἵ

303 1591 411 1670 aptum
421 1586 448 1624 Π
477 1587 600 1652 demitti
625 1585 734 1670 jussit,
762 1585 832 1650 ut1²
859 1586 1055 1670 impenderet
1078 1585 1163 1650 illius
1186 1586 1271 1650 beati
1296 1585 1464 1650 cervicibus.

301 1693 414 1778 ltaque
441 1716 499 1759 nec
526 1693 677 1777 pulchros
703 1692 777 1757 illos
804 1693 1034 1758 ministratores
1063 1692 1236 1776 aspiciebat
1263 1714 1321 1757 nec
1349 1693 1465 1776 plenum

206 1817 210 1824 ·
303 1801 379 1864 artis
403 1806 569 1885 argentum
591 1822 650 1864 nec
672 1821 801 1864 manum
824 1801 1009 1884 porrigebat
1031 1800 1064 1863 iu
1087 1821 1241 1878 mensam,
1265 1800 1334 1882 jam
1357 1793 1465 1882 ipsae¹³
1512 1817 1513 1826 ¹

253 1919 285 1972 15
305 1907 483 1972 defluebant
515 1928 660 1980 eoronae;
699 1906 834 1990 denique
866 1906 1008 1970 exoravit
1040 1910 1222 1989 tyranuum,
1253 1910 1290 1970 ut
1322 1906 1409 1970 abire
1436 1904 1465 1966 li·

305 2019 398 2093 ceret,
422 2014 507 2099 quod
526 2015 594 2098 jam
617 2013 729 2078 beatus
751 2011 885 2077 nollet¹⁴
909 2035 984 2078 esse.
1023 2011 1107 2078 Satis
1128 2013 1251 2076 videtur
1271 2006 1466 2076 declarasse¹⁵

303 2120 488 2206 Dionysius,
517 2119 599 2184 nihil
627 2141 694 2184 esse
723 2119 752 2184 ei
779 2120 920 2199 beatum,
949 2119 999 2184 cui
1029 2141 1152 2203 semper
1175 2118 1273 2202 aliqui
1296 2121 1400 2182 terror
1419 2119 1466 2181 im·
1513 2153 1514 2156 κ

303 2226 481 2312 pendeat¹⁶.

355 2448 383 2506 ὅ.
429 2439 530 2523 Atqui
563 2439 600 2504 de
631 2437 694 2503 hoc
724 2439 854 2504 homine
881 2464 901 2505 a
927 2440 1020 2504 bonis
1048 2439 1228 2504 auctoribus
1256 2437 1301 2504 sic
1329 2439 1469 2521 scriptum

253 2545 511 2631 aoaocepimus1,
540 2567 695 2610 summam
717 2545 814 2610 fuisse
838 2547 905 2631 ejus
928 2546 961 2610 in
984 2547 1070 2610 victu
1093 2547 1348 2631 temperantiam,
1375 2546 1408 2609 in
1428 2565 1469 2607 rc

304 2655 427 2736 busque
459 2652 605 2737 gerendis
633 2651 736 2716 virum
764 2675 868 2718 aorem
896 2657 928 2718 et
955 2653 1160 2732 industrium,
1194 2651 1347 2718 eundem²
1374 2631 1470 2716 tamen

305 2758 484 2824 maleficum
505 2763 620 2822 natura
641 2762 673 2823 et
687 2759 849 2843 injustum.
887 2759 1024 2846 Magnus
1040 2760 1095 2824 ille
1111 2763 1269 2824 veterator
1284 2781 1356 2823 cum
1370 2759 1471 2824 fanum

304 2865 513 2950 Proserpinae
551 2865 658 2930 Locris
698 2867 910 2950 expilavisset,
947 2867 1119 2952 navigabat
1157 2865 1340 2950 Syracusae,
1383 2867 1471 2949 isque,

306 2995 378 3037 cum
409 2971 636 3037 secundissimo
667 2976 763 3037 vento
792 2995 918 3038 cursum
945 2977 1085 3052 teneret,
1116 2973 1234 3037 ridens:
1271 2967 1472 3050 ,Videtisne³,

253 3079 422 3164 25·inquit,
451 3079 557 3158 amici,
586 3101 682 3163 quam
709 3079 795 3144 bona
822 3103 841 3143 a
869 3080 916 3145 dis
944 3079 1178 3144 immortalibus
1200 3079 1362 3164 navigatio
1386 3077 1473 3144 sacri·

305 3187 387 3272 legis
414 3184 564 3251 detur¹?“
614 3183 734 3271 quuel
761 3186 858 3251 homo
886 3191 997 3251 acutus
1025 3208 1095 3250 cum
1124 3187 1203 3251 bene
1231 3186 1389 3271 planeque
1411 3206 1472 3270 per·

306 3295 453 3378 cepisset,
480 3293 514 3357 in
542 3293 651 3357 eadem
679 3294 836 3358 sententia
863 3294 1091 3377 perseverabat.
1139 3291 1201 3370 Qui
1231 3315 1303 3357 cum
1326 3294 1367 3358 ad
1390 3293 1473 3358 Pelo-

305 3421 480 3484 ponnesum
523 3400 657 3464 classem
701 3398 894 3484 appulisset⁶
933 3405 964 3464 et
1001 3401 1035 3463 in
1072 3399 1182 3464 fanum
1218 3399 1357 3465 venisset
1394 3397 1474 3464 Jovis

308 3505 459 3590 Olympii,
492 3528 621 3570 aureum
654 3506 683 3570 ei
710 3507 848 3571 detraxit
876 3507 1048 3571 amiculum
1074 3507 1187 3592 grandi
1215 3507 1386 3590 pondere⁷,
1417 3525 1474 3590 quo

253 3621 287 3677 30
306 3613 421 3678 Jovem
459 3616 587 3700 ornarat
625 3634 642 3676 e
679 3613 837 3678 manubiis
869 3613 1177 3698 Carthaginiensium
1208 3618 1362 3698 tyrannus
1394 3613 1476 3689 Gelo,

307 3725 402 3805 atque
429 3719 463 3784 in
490 3741 527 3784 eo
555 3717 669 3784 etiam8
697 3719 862 3785 cavillatus
893 3725 953 3799 est,
981 3725 1101 3785 aestate
1123 3719 1238 3806 grave⁹
1261 3743 1329 3785 esse
1353 3741 1477 3786 aureum

307 3825 492 3906 amiculum,
520 3827 624 3891 hieme
647 3825 828 3912 frigidum⁹,
852 3827 943 3912 eique
966 3828 1093 3892 laneum
1115 3827 1250 3912 pallium
1273 3827 1389 3912 injecit,
1412 3849 1476 3892 cum

306 3936 340 4000 id
374 3955 441 3998 esse
472 3933 509 3997 ad
539 3955 633 3998 omne
661 3935 736 3998 anni
767 3938 893 4020 tempus
926 3939 1036 4018 aptum
1068 3934 1193 4000 diceret.
1243 3933 1393 4020 Idemque
1421 3933 1477 3999 Ae

309 4037 478 4125 sculapii¹⁰
505 4039 637 4105 barbam
666 4063 794 4106 auream
817 4042 901 4106 demi
929 4042 1038 4124 jussit;
1070 4064 1172 4126 neque
1205 4041 1289 4106 enim
1318 4043 1478 4107 convenire

256 4155 289 4211 35
308 4148 477 4214 barbatum
505 4169 572 4212 esse
599 4147 748 4229 filium11,
777 4171 849 4213 cum
876 4149 907 4213 in
937 4149 1084 4214 omnibus
1112 4149 1194 4214 fanis
1221 4155 1313 4233 pater
1334 4147 1480 4214 imberbis

309 4261 398 4320 essct.
452 4253 561 4320 Etiam
598 4277 722 4320 mensas
761 4259 929 4342 argenteas
968 4257 1006 4320 de
1044 4256 1191 4321 omnibus
1223 4257 1362 4321 delubris
1388 4254 1481 4339 jussit

310 4360 439 4439 auferri,
465 4361 499 4424 in
528 4361 642 4445 quibus
670 4383 742 4427 cum
772 4385 860 4428 more
882 4363 996 4428 veteris
1020 4361 1169 4428 Graeciae
1191 4363 1379 4448 inscriptum
1400 4365 1483 4427 esset
