3100 4936
756 283 818 340 218

174 455 233 513 264
521 453 685 526 Bellum
710 453 910 512 Punicum
934 453 1118 544 primum.

174 551 230 610 241
271 587 525 662 Mamertini,
557 588 610 663 qui
635 587 798 646 Messanam
823 586 928 644 urbem
954 585 1137 660 obtinebant,
1164 606 1181 644 a
1205 587 1345 646 Romms
1369 591 1411 646 ut

355 675 391 734 ab
401 675 504 735 eodem
514 694 547 735 ac
561 677 619 752 ipsi
628 676 722 734 Marte
733 675 865 734 oriundis
875 675 1022 734 auxilium
1031 675 1208 750 petivenmt.
1242 675 1271 734 A
1280 695 1301 752 p
1309 697 1330 752 p
1339 677 1349 734 i
1359 697 1382 734 u
1393 695 1409 735 s

354 763 557 824 Claudius
583 764 745 824 Caudex
770 765 969 840 Syracusanos
998 766 1029 822 et
1054 743 1309 840 Carthaginienses
1329 765 1409 824 Mes-

353 872 452 912 sanam
473 853 638 912 obsidentes
658 854 752 930 fugat.
793 853 971 912 Hieroni
994 853 1106 928 petenti
1125 872 1184 928 pax
1203 853 1271 913 data
1292 857 1344 914 est.

175 951 233 1009 260
276 950 306 1010 C.
331 951 505 1010 Duilius
534 951 649 1010 Poenos
683 951 781 1011 navali
814 951 928 1027 proelio
958 949 995 1011 ad
1024 949 1154 1026 Mylas
1183 951 1297 1026 primus
1324 953 1410 1012 vicit.

355 1040 471 1114 (manus
491 1041 615 1116 ferreae)

176 1137 234 1194 256
274 1136 372 1195 Victis
396 1137 492 1197 navali
516 1138 630 1213 proelio
651 1137 757 1196 Poenis
782 1137 862 1213 apud
887 1137 1106 1194 Ilcnomum
1131 1135 1250 1196 Siciliae
1270 1157 1411 1214 promon-

354 1226 467 1284 torium
487 1226 599 1284 bellum
619 1227 652 1284 in
671 1225 804 1285 Africam
824 1227 1001 1284 hanalatum
1022 1226 1074 1282 est.

139 1320 143 1342 ⁴
176 1325 234 1382 255
276 1323 316 1381 M.
344 1322 511 1382 Atilius
540 1324 726 1400 Regulus
752 1323 894 1400 Clupeam
923 1321 1066 1400 oppidum
1091 1327 1122 1382 et
1146 1325 1291 1385 Tunetem
1315 1327 1410 1404 capit,

357 1411 563 1488 Carthaginem
587 1413 682 1489 ipsam
703 1414 853 1473 obsidione
873 1417 989 1490 premit.
1030 1416 1298 1491 Xanthippus
1317 1413 1412 1473 Lace·

355 1501 527 1560 daemonius
547 1501 749 1561 Romanorum
774 1503 935 1563 exercitum
958 1506 1039 1565 fudit
1061 1505 1249 1582 fugavitque3
1273 1503 1412 1580 Regulus

356 1590 442 1649 vivus
462 1591 494 1648 in
513 1609 618 1648 manus
639 1591 771 1650 hostium
790 1593 879 1652 venit.

276 1687 370 1746 Annis
400 1688 622 1764 insequentibus
652 1690 728 1748 duae
759 1690 864 1750 classes
889 1692 1037 1752 Romanae
1063 1693 1219 1769 naufragio
1244 1691 1411 1766 perierunt.

177 1786 236 1844 250
276 1785 311 1844 L.
343 1784 560 1846 Caecilius
593 1787 794 1847 Metellus
827 1790 902 1848 vicit
934 1791 1240 1850 Hasdrubalem
1273 1789 1311 1848 ad
1344 1787 1412 1845 Pa-

357 1893 539 1933 normum
565 1877 715 1951 oppidum.

277 1973 464 2048 Regulus
489 1973 525 2030 de
546 1975 670 2048 captivis
692 1977 907 2036 commutandis
928 1977 1052 2037 Romam
1072 1977 1188 2037 missus.

276 2069 310 2128 P.
338 2068 544 2130 Claudius
578 2071 758 2132 Pulcher
792 2076 895 2133 consul
926 2076 1007 2151 apud
1035 2076 1270 2152 Drepanum
1305 2075 1413 2132 contra

358 2159 491 2235 auspicia
507 2162 662 2237 pugnavit.

276 2256 490 2316 Hamilcar
515 2257 667 2318 Bareas
693 2259 864 2336 Erycem
888 2260 993 2319 urbem
1014 2262 1094 2338 cepit
1115 2279 1148 2320 ac
1169 2260 1307 2319 defendit.

178 2351 242 2411 241-
277 2353 478 2438 Lutatius
513 2354 689 2416 Catulus
720 2376 776 2417 cos.
806 2377 906 2434 naves,
937 2378 1010 2435 quas
1040 2359 1181 2418 Hanno
1211 2359 1243 2417 in
1272 2355 1412 2416 Siciliam

357 2443 492 2516 ducebat,
513 2445 593 2520 apud
613 2445 793 2523 Aegates
818 2448 986 2538 insulas⁴
1008 2447 1152 2523 depressit
1172 2450 1226 2505 aut
1246 2446 1332 2522 cepit.

360 2530 548 2602 Conditiones
568 2545 648 2620 pacis
667 2565 696 2605 v.
716 2565 745 2622 p.
766 2544 834 2604 132.

280 2641 338 2705 Sic
361 2643 468 2706 abac
491 2645 741 2728 bemdcbtigeulid)
765 2646 1025 2712 &sabiniana
1048 2648 1106 2710 aab
1130 2646 1333 2725 cortices.

179 2751 242 2809 225
294 2747 351 2812 aie
373 2749 462 2829 asnje
484 2752 542 2814 aab
566 2751 710 2831 &alubret
734 2753 778 2815 bei
800 2753 996 2817 Telamon
1019 2754 1126 2833 beliegt.

179 2858 241 2916 222
294 2854 341 2918 Ml.
359 2855 757 2930 Sicubiaafflmrceiiaa
779 2861 883 2923 alumi
906 2859 1222 2924 bemSiribomcr
1245 2858 1290 2920 bei
1312 2857 1413 2921 alaz

379 2943 538 3012 ilicium
554 2947 598 3009 bie
619 2950 730 3026 „spolia
750 2951 865 3026 opima“
892 2949 935 3011 ub.
981 2948 1266 3013 Mlebiolcuum
1289 2947 1413 3008 eteberi.

374 3035 431 3098 Sic
455 3035 595 3099 Colanica
619 3035 771 3115 dilueretis
794 3039 852 3100 aab
876 3037 1027 3102 Cremona.

176 3187 238 3343 ἐξ·
503 3247 666 3306 Bellum
691 3247 892 3306 Punicum
917 3248 1154 3307 secuudum.

277 3396 491 3457 Hamilcar
515 3397 668 3456 Barcas
696 3416 765 3456 oum
786 3397 915 3457 exercitu
935 3398 966 3456 in
986 3397 1163 3474 Hispaniam
1182 3397 1297 3456 missus,

277 3495 489 3556 Hannibal
519 3495 704 3572 oppugnavit
733 3495 965 3572 Saguntum
993 3495 1175 3554 foederatam
1203 3495 1412 3553 Romanorum

358 3583 519 3656 civitatem
557 3585 662 3643 relicto
700 3585 732 3642 in
765 3584 910 3660 Hispania
947 3584 1040 3643 fratre
1073 3583 1257 3642 Hasdrubale
1296 3583 1412 3641 saltum

357 3673 613 3750 Pyrenaeum
637 3673 768 3749 hansiit,
790 3674 870 3749 apud
889 3673 1127 3732 Rhodanum
1147 3672 1258 3730 flumen
1276 3672 1412 3747 primum

359 3761 491 3821 conflixit
512 3780 580 3821 cum
601 3762 749 3838 equitibus
770 3783 788 3820 a
809 3762 945 3838 Scipione
967 3781 1024 3821 cos.
1044 3761 1221 3836 praemissis.

178 3861 236 3920 218
277 3861 326 3919 Ad
355 3861 546 3918 Ticinum
579 3861 690 3918 fiumen
727 3861 761 3918 P.
797 3859 949 3920 Cornelius
983 3859 1128 3936 Scipio
1161 3860 1284 3937 fugatus
1317 3862 1412 3935 atque

357 3950 421 4025 ipse
446 3950 620 4008 vulneratus
640 3949 822 4008 Placentiam
849 3949 890 4008 cis
910 3949 1026 4007 Padum
1047 3949 1198 4008 concessit.
1239 3949 1283 4006 Ti.
1304 3947 1410 4008 Sem·

357 4037 534 4114 pronius
560 4057 595 4097 ex
608 4037 711 4097 Sicilia
723 4041 878 4098 revocatus
899 4037 1064 4114 conjunctis
1084 4055 1154 4096 eum
1174 4037 1289 4114 collega
1308 4037 1412 4112 copiis

358 4127 492 4204 confligit
512 4127 592 4203 apud
611 4126 802 4186 Trebiam
827 4145 955 4197 amnem3
975 4127 1002 4184 is
1023 4144 1142 4202 quoque
1161 4125 1298 4186 vincitur.

178 4224 235 4284 217
277 4224 426 4283 Hannibal
446 4225 637 4302 Apenninum
656 4225 776 4283 transiit
794 4227 896 4301 petens
915 4223 1080 4298 Etruriam,
1103 4222 1134 4282 C.
1155 4223 1411 4282 Flaminium

357 4332 416 4372 coa.
453 4313 532 4390 apud
563 4313 848 4372 Trasimenum
886 4314 985 4372 lacum
1020 4331 1089 4370 cum
1123 4313 1254 4371 exercitu
1289 4311 1410 4372 insidiis

358 4403 591 4461 circumventum
626 4403 743 4461 occidit.
764 4401 895 4460 —Inde
928 4422 982 4478 per
1015 4402 1157 4460 Picenum
1190 4402 1341 4477 profectus
1376 4400 1410 4458 in
