3074 4934
823 249 887 311 138

262 425 462 510 Pyrenaeum
499 423 616 490 saltum
654 428 686 488 et
724 423 861 489 Galliam
898 422 1005 508 petita
1058 423 1096 488 In
1127 422 1221 489 Italia
1253 422 1289 500 Q.
1322 421 1440 488 Fabius

261 532 422 596 Maximus
461 531 607 615 quintum
645 531 755 596 consul
787 531 991 596 Tarentum
1028 529 1147 614 recepit
1185 531 1225 596 ab
1257 529 1440 594 Hannibale

260 643 405 722 captum.¹
445 636 627 723 Insequenti
659 659 741 702 anno
768 637 812 704 M.
836 637 985 703 Claudius
1013 638 1184 703 Marcellus
1213 637 1324 702 consul
1347 635 1439 700 cum⁶

263 750 366 810 castra
396 746 436 810 ad
463 744 636 810 Venusiam
667 745 798 810 haberet
830 746 1091 828 exploratumque
1118 742 1302 830 profectus⁶
1328 743 1363 807 in
1390 744 1439 807 in·

224 852 358 924 5sidias
381 852 422 917 ab
446 852 627 917 Hannibale
650 856 787 916 structas
809 851 978 931 incidisset,
1001 852 1188 917 interemtus
1211 856 1267 916 est.

308 1017 358 1078 11.
404 1013 584 1096 Desperans
606 1011 778 1091 Hannibal,
801 996 972 1095 Hispanias
995 1017 1106 1076 contra
1120 1011 1302 1096 Scipionem
1325 1011 1439 1075 ducem

260 1119 380 1184 diutius
412 1141 505 1203 posse
537 1118 677 1198 retineri,
709 1119 841 1183 fratrem
870 1141 963 1183 suum
990 1117 1224 1182 Hasdrubalem
1249 1117 1281 1180 in
1310 1115 1438 1182 Italiam

260 1248 333 1291 cum
365 1226 513 1290 omnibus
540 1226 639 1309 copiis
667 1226 820 1290 evocavit.
866 1224 897 1290 Is
926 1225 1035 1290 eodem
1058 1225 1184 1304 itinere,
1207 1223 1289 1308 quol
1312 1223 1437 1288 Hanni-

259 1332 315 1397 bal
356 1336 498 1411 venerat,
541 1332 640 1415 Alpes
682 1332 818 1416 trajecit;
868 1336 1036 1416 actumque
1079 1331 1167 1397 erat²
1210 1333 1249 1396 de
1290 1331 1437 1396 Romano

222 1455 241 1485 ι
259 1439 406 1523 imperio,
422 1439 465 1502 ¹si
493 1439 682 1525 conjungere
715 1461 748 1503 se
780 1461 852 1503 cum
885 1439 1066 1504 Hannibale
1098 1439 1267 1523 potuisset.
1314 1436 1376 1502 Sed
1404 1436 1437 1504 C.

222 1561 240 1592 ⁴
260 1543 439 1609 Claudius
469 1544 567 1609 Nero
601 1545 725 1624 consul,
759 1546 813 1629 qui
840 1545 874 1608 in
902 1545 1021 1630 Apulia
1047 1551 1151 1610 castra
1178 1545 1218 1609 ad
1244 1543 1437 1609 Hannibalis

221 1656 364 1716 *castra
391 1650 600 1731 admoverat³,
628 1653 739 1716 relicta
765 1657 855 1737 parte
883 1653 1052 1732 exercitus,
1082 1674 1153 1717 cum
1176 1651 1305 1716 delectis
1329 1652 1369 1716 ad
1392 1651 1437 1716 M.

258 1758 384 1823 Iuvimn
407 1757 620 1823 Sahnatorem
647 1759 805 1843 collegam
831 1759 866 1823 in
888 1758 1057 1824 Umbriam
1084 1759 1266 1842 properavit
1294 1763 1326 1823 et
1348 1758 1436 1842 apud

259 1864 393 1930 Senam
416 1865 569 1949 oppidum
592 1869 624 1929 et
646 1865 860 1930 Metaurum
883 1865 1016 1930 fluvium
1039 1867 1078 1952 (a.
1105 1866 1182 1950 207)
1206 1863 1320 1929 ambo4
1343 1887 1437 1949 proe-

204 1988 240 2041 15
261 1972 306 2036 lio
322 1973 478 2050 vicerunt3
508 1973 576 2056 ipse
591 1972 774 2038 Hasdrubal
796 1977 922 2038 strenue
945 1995 1092 2058 pugnans
1115 1973 1236 2038 occisus
1259 1977 1314 2038 est.
1346 1971 1436 2038 Nero

224 2094 419 2164 *regressus
450 2079 520 2162 pari
552 2079 726 2158 celeritate,
759 2077 841 2163 qual
868 2083 1011 2159 venerat,
1039 2083 1135 2164 caput
1161 2079 1372 2144 Hasdrubalis
1400 2080 1436 2143 in

258 2190 361 2251 castra
388 2185 579 2251 Hannibalis
604 2187 690 2270 jecit
737 2185 806 2262 Quo
833 2186 889 2250 ille
915 2187 983 2251 viso
1012 2207 1182 2272 agnoscere
1210 2207 1244 2251 se
1270 2186 1435 2251 fortunam
1535 2213 1536 2256 ι

222 2291 458 2377 *Carthaginis
485 2291 607 2358 fertur⁰
634 2293 757 2358 dixisse.
803 2293 955 2358 Romanis
989 2293 1111 2358 animus
1139 2296 1287 2378 augetur;
1324 2294 1435 2378 itaque

257 2399 353 2497 etiam
380 2398 462 2482 ipsi⁷
486 2422 524 2464 ex
552 2399 707 2483 Hispania
735 2404 944 2464 evocaverunt
972 2399 1008 2466 P.
1036 2399 1217 2464 Cornelium
1244 2399 1435 2484 Scipionem.

200 2517 238 2573 20
256 2505 288 2571 ls
311 2529 394 2571 anno
419 2512 533 2591 quarto
557 2507 688 2586 decimo,
711 2512 881 2591 postquam
901 2508 936 2571 in
950 2506 1078 2572 Italiam
1093 2506 1255 2571 Hannibal
1275 2507 1435 2586 venerat⁸,

256 2613 367 2677 consul
394 2619 443 2678 est
468 2614 572 2678 factus
600 2614 691 2698 eique
713 2614 877 2698 provincia
900 2613 1008 2680 Sicilia
1031 2614 1117 2691 data,
1140 2635 1237 2697 quam
1258 2620 1433 2699 prorogato

256 2719 410 2803 imperio⁹
432 2721 611 2804 insequenti
639 2743 765 2805 quoque
793 2743 876 2786 anno
905 2722 1021 2800 tenuit,
1049 2743 1087 2785 ex
1115 2743 1214 2805 eaque
1237 2743 1309 2785 cum
1332 2721 1435 2785 classe
1534 2723 1535 2730 ’

256 2826 290 2890 in
312 2827 454 2891 Africam
477 2827 608 2911 trajecit.

303 2991 353 3050 12.
400 2986 505 3072 Hujus
533 2987 673 3052 consiliis
703 3009 739 3053 ac
767 2987 885 3052 virtute
909 2987 1072 3052 Hannibal
1100 3009 1139 3052 ex
1160 2986 1254 3052 Italia
1282 2987 1435 3052 decedere

200 3103 237 3158 25
256 3097 384 3158 coactus
417 3099 473 3161 est.
533 3093 619 3160 Victi
650 3095 734 3160 enim
767 3095 890 3160 duobus
921 3095 1050 3179 proeliis
1083 3094 1360 3180 Carthaginienses
1398 3096 1435 3159 in

255 3198 397 3265 Africam
426 3223 512 3281 eum,
538 3205 575 3266 ut
601 3201 738 3286 patriam
765 3201 958 3277 defenderet,
979 3205 1215 3268 revocaverunt.
1259 3199 1435 3282 Hannibal,
1533 3229 1534 3238 ¹

255 3307 416 3372 exhaustis
440 3309 509 3392 jam
534 3309 657 3392 patriae
687 3307 908 3387 facultatibus,
940 3309 1060 3390 cupivit
1091 3309 1126 3374 in
1152 3307 1332 3392 praesentia
1363 3308 1435 3374 bel-

254 3414 323 3479 lum
345 3414 563 3498 componercl,
586 3437 649 3499 qno
672 3413 849 3480 valentior²
864 3418 976 3497 postea
991 3415 1243 3500 congrederetur.
1278 3414 1316 3479 In
1332 3415 1435 3480 collo-

255 3520 366 3604 quium
394 3522 585 3586 conveniunt
613 3518 695 3586 duo8
723 3521 839 3585 summi
865 3522 1084 3604 imperatorem
1121 3523 1316 3588 conditiones
1347 3522 1436 3587 inter

199 3635 238 3692 30
256 3649 310 3692 eos
347 3647 412 3690 non
449 3626 688 3692 convenemnt4.
751 3627 864 3692 Paucis
903 3628 1014 3692 diebus
1046 3627 1139 3711 post⁶
1170 3630 1254 3713 apud
1284 3629 1435 3695 Zamam
1532 3697 1533 3704 ,

254 3735 296 3820 (a.
325 3734 404 3818 202)
431 3739 608 3819 pugnatum
636 3737 690 3798 est.
738 3733 901 3798 Hannibal
928 3757 1000 3799 cum
1027 3734 1159 3800 haberet
1187 3735 1359 3800 exercitum
1393 3757 1435 3800 ex
1532 3727 1533 3732 ἵ

254 3841 370 3906 Poenis
403 3844 435 3904 et
466 3841 686 3920 auxiliaribus,
719 3861 855 3924 quorum
887 3863 960 3924 pars
992 3863 1058 3906 non
1091 3842 1196 3907 solum
1229 3863 1267 3906 ex
1299 3841 1435 3906 dirersis

253 3948 395 4032 populis,
423 3948 478 4012 sed
505 3947 601 4013 etiam
628 3970 666 4012 ex
688 3945 808 4012 Italicis
836 3947 1015 4028 constabat,
1037 3953 1111 4032 post
1133 3949 1319 4032 elephantos
1342 3953 1436 4014 octo·

254 4055 358 4139 ginta,
389 4054 446 4138 qui
476 4054 511 4118 in
541 4054 644 4138 prima
675 4054 780 4119 fronte
807 4051 925 4138 positi⁰
952 4055 1093 4120 hostium
1126 4056 1294 4121 turbarent
1321 4056 1435 4134 aciem,

197 4167 235 4223 35
255 4160 424 4226 auxiliares
447 4160 557 4227 Gallos
580 4167 612 4226 et
635 4161 767 4246 Ligures
791 4166 823 4226 et
845 4160 994 4226 Baleares
1017 4161 1209 4247 Maurosque
1231 4161 1347 4246 posuit,
1375 4162 1436 4227 ut⁷
1531 4191 1532 4222 ι

254 4267 366 4352 fugere
392 4290 458 4333 non
484 4272 630 4351 possent,
656 4267 774 4333 Poenis
802 4290 821 4331 a
848 4272 940 4354 tergo
968 4267 1154 4348 stantibus⁸,
1186 4273 1218 4334 et
1245 4269 1372 4334 hostem
1404 4271 1436 4334 si

254 4393 320 4436 ιιοιι
362 4374 565 4452 sustinerent,
607 4377 641 4438 at
679 4379 763 4439 certe
800 4374 987 4458 fatigarent:
1045 4381 1115 4441 tum
1152 4375 1217 4442 suis
1255 4379 1288 4442 et
1326 4375 1437 4442 Mace·
