3074 4934
684 257 724 319 87

122 432 241 517 aaa
279 431 387 496 vocari
422 393 529 514 jubet.
572 430 634 509 oui
665 431 800 497 sunna
831 431 1006 497 mosaha
1037 432 1292 515 promerentis

119 537 250 603 hostem.
295 537 349 602 Illi
372 537 439 621 jam
467 537 669 616 recedebant;
696 536 862 604 Parmenio
890 542 1009 616 tamen,
1036 535 1169 622 ignarus
1196 559 1291 623 quae-
1310 547 1326 580 *

118 665 189 710 narn
203 645 238 709 in
262 645 372 709 dextro
396 663 494 708 cornu
516 641 645 709 fortuna
667 644 753 730 regis
776 641 900 722 esar,
922 643 1072 728 repressit
1092 665 1175 711 euos.
1221 643 1289 710 Ma·

118 772 220 831 aecus,
252 752 326 817 dato
358 751 454 836 fugae
486 749 604 834 spatio,
636 771 765 836 magno.
785 751 917 817 circuitu
944 749 1066 836 Tigrim
1098 757 1227 836 superat
1259 759 1290 818 et

118 857 312 942 Babylonem
343 877 416 922 cum
446 855 590 940 reliquiis
618 857 733 922 devicti
760 857 914 922 exercitus
941 879 975 922 se
1001 857 1127 941 recepit.
1173 857 1325 924 Dariusb

117 963 303 1030 mediatore
324 963 574 1030 nocteArbela
596 965 637 1051 (a
662 964 749 1048 831.)
771 969 957 1046 pervenerat
979 965 1152 1050 eodemque
1173 987 1289 1051 magna

115 1095 187 1157 pars
224 1070 397 1136 amicorum
435 1071 501 1155 ejus
540 1091 577 1136 ac
614 1071 752 1142 militum
784 1069 977 1157 confugerat.
1033 1071 1112 1136 Onm
1144 1072 1288 1156 expedita

115 1201 209 1244 manu
235 1179 358 1243 deserta
384 1179 455 1242 loca
482 1183 578 1262 atque
605 1179 734 1244 ultimas
763 1179 856 1263 regni
879 1179 984 1262 partes
1006 1177 1196 1260 petiturus81
1220 1178 1287 1243 Me-

115 1287 182 1352 diae
205 1285 284 1350 fines
299 1285 466 1370 'ingressus
489 1290 546 1350 est.
924 1309 928 1315 ·

157 1451 209 1510 29.
253 1442 488 1529 Babylonem
525 1443 707 1528 procedenti
739 1443 921 1509 Alexandro
953 1443 1115 1524 Mazaeus,
1153 1443 1208 1529 qui
1247 1466 1285 1508 ex
1308 1453 1341 1509 10

114 1552 177 1616 acie
199 1552 234 1616 in
257 1573 327 1616 eam
349 1551 459 1616 urbem
482 1549 682 1636 confugerat,
710 1573 782 1616 cum
805 1551 922 1616 adultis
944 1551 1053 1616 liberis
1077 1551 1210 1636 supplex
1234 1573 1285 1616 oc-

113 1659 209 1724 currit
240 1657 352 1722 urbem
384 1677 480 1742 seque
513 1657 636 1724 dedens.
687 1657 803 1723 Gratus
835 1659 988 1722 adventus
1021 1659 1088 1742 ejus
1118 1658 1187 1743 regi
1213 1657 1285 1738 fuit,

113 1765 230 1830 multae
257 1761 342 1828 enim
369 1783 483 1848 operae
511 1768 543 1830 ct
569 1763 707 1830 laboris¹
735 1765 858 1830 obsidio
885 1763 995 1829 futura
1018 1762 1105 1829 erat²
1126 1768 1192 1828 tam
1214 1787 1284 1829 mu·
1306 1773 1321 1804 ⁴*

112 1874 193 1938 uitae
220 1869 318 1935 urbia
364 1869 426 1936 Sed
451 1873 559 1935 tamen
581 1872 735 1954 quadrato
758 1869 917 1956 agmine⁸,
945 1872 1030 1955 quod
1051 1871 1120 1956 ipse
1142 1871 1284 1951 ducebat,

113 1981 199 2044 velut
221 1979 250 2043 ei
271 1978 305 2042 in
328 1977 427 2042 aciem
450 1977 543 2055 irent,
565 1979 689 2062 ingredi
712 1999 785 2043 suos
805 1977 905 2063 jubet.
950 1978 1069 2064 Magna
1091 1999 1165 2061 pars
1181 1977 1285 2064 Baby·
1308 1987 1340 2041 15

112 2087 267 2151 loniorum
311 2083 514 2149 constiterat*
556 2085 590 2149 in
632 2085 743 2163 muris,
785 2085 877 2149 avida
918 2086 1128 2170 cognoscendi
1165 2105 1284 2150 novum

112 2189 248 2278 regem⁶,
279 2173 386 2274 plures
418 2191 545 2256 obviam
576 2192 695 2277 egressi
726 2196 807 2257 sunt.
852 2190 940 2256 Inter
967 2212 1046 2275 quos
1073 2189 1283 2277 Bagophanes

113 2299 188 2364 arcis
220 2303 253 2363 et
279 2297 386 2382 regiae
412 2299 565 2382 pecuniae
592 2304 710 2377 custos,
741 2321 781 2363 ne
808 2298 912 2363 studio
941 2320 961 2361 a
987 2298 1116 2362 Mazaeo
1144 2299 1282 2362 vincere·

113 2404 192 2485 tm‘,
228 2408 335 2470 totum
371 2405 432 2470 iter
469 2405 600 2470 floribus
639 2405 826 2489 coronisque
857 2409 1085 2483 constraverat,
1124 2405 1281 2489 argenteis

113 2511 260 2577 altaribus
291 2509 331 2574 ab
363 2517 499 2596 utroque
530 2509 648 2576 latarel
676 2511 849 2595 dispositis,
882 2533 963 2596 quae
989 2533 1055 2576 non
1080 2513 1152 2576 ture
1178 2511 1281 2590 modo,
1305 2520 1340 2576 20

112 2620 162 2684 sed
191 2615 358 2684 omnibus8
386 2618 536 2684 odoribus
563 2619 786 2685 cumulaverat.
831 2617 944 2684 Dona⁹
971 2639 1044 2684 eum
1070 2617 1281 2703 sequebantur

113 2746 221 2810 greges
240 2746 390 2810 pecorum
405 2747 628 2810 equorumque,
650 2725 758 2790 leones
782 2745 909 2810 quoque
931 2729 963 2790 et
985 2726 1158 2809 pantherae
1180 2725 1280 2790 caveis

112 2832 372 2914 praeferebantur.
416 2831 505 2916 Magi
533 2831 643 2896 deinde
671 2835 728 2895 suo
756 2853 843 2896 more
871 2854 997 2897 carmen
1020 2837 1181 2911 canentes,
1208 2835 1281 2916 post

27 2989 28 2992 .
111 2937 165 3004 hos
180 2935 329 3004 Chaldaei
351 2933 603 3023 Babyloniorum
625 2941 713 3002 vates
737 2941 769 3002 et
791 2935 926 3004 amifices
950 2960 1021 3002 cum
1044 2937 1159 3003 fidibus
1181 2937 1280 3004 ibant.

112 3041 168 3120 Sed
192 3045 292 3128 ipsius
319 3043 408 3110 urbis
434 3043 637 3130 pulchritudo
667 3065 703 3109 ac
731 3049 872 3110 vetustas
899 3067 964 3109 non
990 3045 1074 3130 regis
1101 3043 1194 3110 modo
1222 3045 1278 3111 sed
1303 3053 1336 3107 25

27 3165 28 3232 i
112 3151 200 3216 etiam
222 3151 365 3254 omnium
388 3149 496 3216 oculos
518 3151 552 3216 in
575 3153 674 3216 semet
696 3149 781 3217 haud
803 3151 961 3216 immerito
985 3149 1149 3218 convertit.

152 3319 202 3378 30.
245 3313 358 3378 Murus
385 3312 558 3397 Babylonis
588 3314 671 3378 inter
702 3311 862 3378 mirabilia
890 3312 1019 3377 orientis
1045 3333 1141 3396 opere
1167 3333 1275 3376 nume·
1308 3319 1338 3350 *⁴*

110 3419 218 3485 ratur².
263 3419 451 3484 Exstructus
479 3425 527 3484 est
552 3420 707 3485 laterculo
735 3418 873 3498 coctilil,
904 3419 1058 3484 bitumine
1084 3415 1276 3498 interlitus⁸;

111 3525 241 3606 epatium
272 3525 365 3590 XXX
396 3530 428 3592 et
460 3527 592 3590 duorum
622 3528 740 3611 pedum
771 3526 805 3590 in
831 3526 1032 3591 latitudinem
1060 3526 1275 3610 amplectitur;

112 3631 274 3718 quadrigae
300 3631 383 3698 inter
410 3630 463 3697 se4
490 3639 687 3700 occurrentes
715 3635 783 3700 eine
804 3633 946 3718 periculo
969 3655 1145 3698 commeare
1167 3633 1276 3698 dicun·
1301 3641 1336 3696 30

111 3737 165 3801 tur.
211 3737 359 3804 Altitudo
391 3739 475 3803 muri
506 3744 555 3804 est
585 3739 610 3806 L
643 3740 856 3818 cubitorum⁶;
887 3745 990 3805 turres
1021 3741 1110 3806 denis
1141 3740 1274 3824 pedibus

109 3861 198 3924 quam
227 3867 336 3911 murus
367 3845 496 3911 altiores
528 3845 629 3914 sunt⁶.
680 3847 780 3912 'lotus
807 3847 910 3931 operis
936 3846 1086 3912 circuitus
1113 3844 1276 3912 ccclxv

108 3949 202 4018 stedia
232 3951 468 4036 complectitnr;
500 3953 698 4038 singulorum
724 3954 898 4018 stadiorum
923 3957 1115 4019 structuram
1141 3952 1273 4037 singulis

108 4053 210 4123 diebus
232 4059 406 4143 perfectam
433 4079 514 4136 esse,
536 4060 706 4124 memoriae
727 4059 889 4142 proditum
912 4059 988 4126 estl.
1032 4057 1185 4124 Aedificia
1206 4079 1272 4124 non

105 4167 174 4228 sunt
209 4165 338 4230 admota
368 4164 482 4244 muris,
519 4167 575 4232 sed
605 4166 671 4230 fere
702 4163 859 4251 spatium⁸
886 4166 992 4250 jugeri
1022 4166 1115 4230 unius
1146 4164 1271 4230 abeunt.
1299 4171 1333 4226 35

106 4265 151 4331 Ac
180 4291 219 4335 ne
251 4276 354 4337 tetam
381 4271 509 4356 quidem
535 4273 647 4337 urbem
674 4271 765 4336 tectis
792 4275 1037 4356 occupaverunt3
1068 4293 1125 4355 per
1152 4269 1271 4336 LXXX

107 4375 219 4441 stadia⁹
247 4378 406 4444 domicilia
433 4383 520 4457 sunt,
553 4382 656 4444 cetera
683 4381 791 4442 serunt
817 4379 1002 4462 coluntque,
1034 4382 1082 4456 ut,
1115 4379 1143 4442 si
1168 4377 1270 4442 hostis
