3074 4934
784 255 846 315 126
870 281 873 287 Δ

275 437 303 496 4.
348 429 397 512 Eo
419 434 561 514 ternpore
585 428 681 494 etiam
700 427 871 513 Pyrrhus
894 450 949 492 rex
965 427 1055 512 Epiri
1078 428 1226 492 adversus
1241 427 1399 493 Romanos

194 537 347 602 *bellum
388 536 531 622 gerebat,
579 535 634 620 qui
676 533 843 600 arcessitus
886 557 905 599 a
949 533 1064 600 Siculis
1112 555 1184 599 cum
1231 535 1400 620 Syracusas

216 643 377 726 uenisset,
420 665 475 708 rex
512 641 639 708 Siciliae
682 641 868 726 appellatur.
930 640 1070 718 Quarum
1107 663 1214 706 rerum
1249 641 1406 707 felicitate

226 751 328 816 laetus
355 748 478 814 Heleno
510 749 578 814 filio
606 748 732 814 Siciliae
764 749 852 813 velut
884 748 1005 815 avitum
1035 748 1123 834 (nam
1150 748 1334 834 susceptus1
1361 771 1399 814 ex

191 856 293 921 5filia
319 856 508 942 Agathoclis
540 855 625 941 regis
658 856 752 940 erat),
784 855 965 920 Alexandro
994 859 1100 920 autem
1126 854 1240 920 Italiae
1266 877 1401 942 regnum

227 963 371 1028 destinat.
421 962 526 1028 Multa
558 963 696 1027 secunda
726 962 848 1046 proelia
875 984 948 1027 cum
976 960 1290 1047 Carthaginiensibus
1316 963 1400 1027 facit

225 1068 395 1154 Interjecto
434 1070 545 1134 deinde
583 1073 725 1154 tempore
763 1068 863 1155 legati
901 1069 941 1133 ab
973 1066 1093 1134 Italicis
1126 1069 1218 1133 sociis
1249 1075 1402 1134 venerunt

226 1177 417 1255 nuntiantes,
440 1176 545 1242 resisti
565 1175 718 1242 Romanis
742 1197 806 1241 non
828 1173 948 1260 posset,
971 1175 1227 1260 deditionemque
1250 1175 1401 1255 futuram,

226 1283 288 1348 nisi
325 1283 499 1349 subveniat.
553 1282 749 1347 Instantibus
780 1282 855 1347 hinc
888 1281 1200 1366 Carthaginiensibus
1232 1282 1305 1346 inde
1334 1281 1401 1347 Ro-

175 1402 207 1457 10
226 1389 341 1468 manis,
372 1389 584 1473 periculosum
612 1388 778 1454 videbatur
806 1389 979 1454 exercitum
1006 1387 1040 1452 in
1066 1387 1194 1453 Italiam
1220 1411 1285 1453 non
1312 1391 1400 1474 traji-

226 1519 309 1576 cere,
336 1495 544 1581 periculosius
567 1519 586 1560 a
609 1495 717 1562 Sicilia
740 1496 905 1574 deducere,
934 1516 973 1561 ne
998 1500 1054 1560 aut
1075 1495 1124 1559 illi
1146 1518 1212 1561 non
1233 1495 1301 1560 lata
1321 1497 1400 1580 ope⁸

226 1609 282 1669 aut
312 1602 346 1667 hi
371 1603 492 1669 ,deserti
519 1602 746 1668 amitterentur.
797 1601 1004 1667 Tutissimum
1030 1602 1134 1668 visum
1162 1606 1223 1682 est,
1255 1603 1401 1670 omnibus

227 1710 347 1776 viribus
370 1709 435 1776 acie
458 1711 622 1775 decernere
644 1709 679 1774 in
702 1708 810 1775 Sicilia
833 1713 864 1773 et
886 1709 1063 1796 profligatis
1086 1708 1401 1794 Carthaginiensibus

226 1818 379 1884 victorem
408 1817 580 1882 exercitum
602 1817 746 1900 trajicere
768 1816 803 1881 in
825 1815 960 1882 Italiam.
1005 1815 1117 1901 Itaque
1141 1821 1286 1882 conserto
1309 1839 1401 1902 proe-

174 1925 270 1989 15110
298 1923 389 1990 cum⁴
415 1923 561 2007 superior
587 1923 712 2002 fuisset,
746 1923 897 2007 quoniam
924 1927 1032 1988 tamen
1060 1947 1079 1988 a
1107 1923 1215 1989 Sicilia
1247 1923 1334 1988 abire
1369 1931 1402 1989 et

226 2033 390 2115 tamquam
417 2031 518 2095 victus
546 2029 658 2116 fugere
685 2029 773 2094 visus
801 2033 849 2094 est
872 2051 909 2094 ac
931 2034 1099 2114 propterea
1121 2030 1200 2095 socii
1222 2030 1262 2096 ab
1285 2051 1323 2094 eo
1347 2031 1400 2094 de·

226 2137 378 2216 fecerunt,
400 2137 567 2222 imperium
591 2135 719 2203 Siciliae
741 2141 807 2202 tam
836 2136 899 2202 cito
922 2137 1040 2216 amisit,
1068 2159 1165 2221 quam
1188 2137 1281 2202 facile
1304 2159 1401 2222 quae·

226 2244 329 2310 sierat.
382 2243 443 2310 Sed
475 2267 534 2309 nec
565 2243 599 2308 in
627 2243 721 2309 Italia
752 2242 883 2309 meliore
915 2243 1067 2309 felicitate
1098 2266 1174 2308 usus
1206 2244 1240 2308 in
1267 2244 1401 2328 Epirum

226 2351 402 2418 revertitur.

173 2565 208 2619 20
274 2553 303 2612 5.
349 2547 523 2632 Postquam
554 2547 715 2630 profectus
748 2551 796 2611 est
828 2569 847 2611 a
874 2545 982 2613 Sicilia
1010 2545 1165 2630 Pyrrhae,
1196 2546 1402 2630 magistratus

227 2652 343 2717 Hiero
383 2655 520 2732 creatur,
558 2653 647 2738 cujus
680 2656 770 2718 tanta
800 2652 975 2718 moderatio
1007 2651 1081 2729 fuit,
1119 2657 1156 2718 ut
1187 2651 1401 2718 consentiente

227 2759 370 2824 omnium
392 2759 555 2825 civitatum
577 2759 688 2825 favore
711 2760 775 2824 dux
798 2760 947 2825 adversus
964 2758 1239 2844 Carthaginienses
1254 2759 1393 2844 primum

226 2887 300 2931 mox
338 2888 394 2931 rex
432 2870 589 2932 crearetur
622 2867 833 2953 (275-216).
888 2865 920 2931 Is
957 2866 1138 2950 implicatus
1176 2866 1275 2944 bello,
1315 2868 1402 2950 quod

226 2972 362 3038 Romani
391 2995 464 3037 cum
487 2972 807 3058 Poenis‘gesserunt,
835 2973 938 3038 victus
963 2994 1075 3057 pacem
1099 2994 1171 3038 cum
1193 2972 1311 3057 populo
1335 2974 1401 3040 Ro·

173 3098 207 3153 25
226 3102 320 3146 mano
354 3080 431 3145 fecit
464 3083 496 3144 et
524 3102 561 3145 ex
588 3101 626 3145 eo
653 3083 794 3164 tempore
821 3079 904 3144 inter
930 3079 1053 3144 bellum
1079 3079 1236 3144 Punicum
1261 3079 1402 3164 primum

225 3192 257 3253 et
287 3187 378 3253 initia
410 3187 539 3252 secundi
569 3187 651 3252 hanc
683 3187 867 3252 societatem
894 3209 967 3252 cum
993 3185 1075 3251 fide1
1103 3185 1208 3251 coluit.
1260 3186 1403 3252 Hierone

224 3297 351 3360 mortuo
383 3294 651 3379 Hieronymus,
691 3294 758 3378 ejus
795 3315 906 3378 nepos,
944 3315 1000 3358 rex
1037 3293 1141 3358 fectis
1179 3291 1289 3358 foedus
1328 3315 1401 3358 cum

225 3400 537 3486 Carthaginiensibus
576 3403 686 3465 contra
723 3401 885 3466 Romanos
922 3391 1005 3477 iniit,
1045 3401 1100 3465 sed
1137 3400 1233 3484 paulo
1271 3404 1345 3484 post
1383 3424 1406 3466 a

225 3507 397 3591 conjuratis
435 3507 556 3572 occisus
595 3510 643 3572 est
675 3506 774 3592 (215).
830 3506 994 3591 Syracusis
1032 3529 1052 3571 a
1082 3507 1125 3572 M.
1157 3507 1310 3572 Marcello
1349 3531 1401 3573 ex·

172 3630 206 3686 30
224 3613 373 3698 pugnatis
406 3612 511 3698 (212),
549 3617 618 3678 tota
651 3611 758 3679 Sicilia
788 3613 822 3678 in
854 3613 1033 3696 provinciae
1064 3613 1228 3679 Romanae
1265 3614 1402 3682 formam

223 3722 350 3786 redacta
373 3719 448 3784 esti.
