3074 4934
824 235 886 294 102

267 409 515 492 elephantosque
542 411 617 472 ante
643 428 758 494 agmen
780 427 909 471 suorum
931 406 986 492 agi
1004 407 1106 490 jubet.
1150 406 1228 472 Post
1250 427 1304 472 eos
1327 427 1437 490 posue·

265 515 467 600 ratpeditem
483 537 520 579 ac
534 513 721 600 sagittarios
743 518 776 578 et
798 518 950 598 tympana
972 513 1100 597 pulsare
1122 514 1241 579 solitos.
1287 514 1438 600 Magnum

265 623 382 687 beliue·
397 621 573 706 injecerunt
587 625 749 701 terrorem,
770 621 981 705 insolitusque
996 621 1114 686 stridor
1135 643 1201 685 non
1214 643 1323 706 ‘equos
1346 622 1438 687 modo

265 731 419 795 sedviros
436 751 561 815 quoque
577 729 765 813 ordinesque
778 729 971 795 turbaverat.
1015 727 1187 812 Praecipue
1209 721 1363 794 terribilis
1386 729 1439 792 ille

232 849 247 880 *
265 841 409 921 aspectus
442 841 522 916 eret,
554 857 627 900 cum
655 857 742 900 arma
769 835 917 918 virosque
943 856 1040 899 manu
1068 835 1262 920 corriperent
1288 840 1321 900 et
1348 857 1440 919 super

265 965 297 1008 se
333 943 518 1028 regentibus
550 943 718 1008 traderent.
772 941 907 1007 Varium
939 962 1015 1027 ergo
1049 947 1208 1007 certamen
1239 942 1275 1006 in
1305 943 1440 1006 multum

265 1050 348 1115 diei1
371 1053 548 1115 extractum
570 1053 634 1130 est,
660 1050 758 1115 donec
781 1048 944 1114 securibus
967 1049 1061 1131 pedes
1084 1048 1251 1114 beluarum
1273 1052 1306 1113 et
1328 1070 1440 1113 manus

264 1161 429 1241 amputare
456 1161 633 1240 coeperunt
678 1155 741 1221 His
770 1156 953 1221 vulneribus
980 1156 1141 1240 elephanti
1167 1155 1290 1220 efferati
1311 1155 1346 1220 in
1368 1176 1442 1221 suos

265 1285 298 1327 se
326 1267 526 1342 convertunt,
553 1263 651 1328 etiam
678 1262 735 1347 qui
760 1267 907 1328 rexerant
933 1261 1007 1327 eos²
1033 1261 1234 1346 praecipitati
1260 1262 1295 1326 in
1324 1267 1441 1328 terram

213 1383 246 1438 10
265 1369 306 1434 ab
333 1368 412 1452 ipsis
439 1369 636 1435 obteruntur.
684 1368 787 1434 Porus
814 1369 983 1434 destitutus
1011 1393 1030 1434 a
1056 1369 1201 1453 plurimis
1227 1369 1293 1433 tela
1320 1368 1355 1432 in
1382 1368 1441 1432 cir·

266 1475 425 1540 cumfusos
453 1499 491 1540 ex
520 1477 688 1561 elephanto
711 1499 768 1541 sno
792 1477 1012 1562 magnitudine
1034 1476 1118 1540 inter
1141 1481 1260 1542 ceteros
1284 1475 1441 1540 eminente

231 1596 246 1626 ⁴
265 1583 369 1666 coepit
390 1584 543 1668 ingerere,
565 1584 738 1668 multisque
761 1585 881 1650 eminus
904 1583 1077 1649 vulneratis
1099 1585 1168 1668 ipse
1189 1582 1330 1666 undique
1353 1587 1440 1666 pete-

264 1689 366 1754 batur.
411 1689 537 1756 Novem
552 1691 622 1774 jam
637 1691 767 1755 vuhrera
789 1691 863 1756 hinc
885 1696 987 1776 tergo,
1009 1691 1098 1756 illine
1120 1693 1248 1774 pectore
1270 1693 1441 1772 acceperat,

265 1819 337 1861 eum
363 1797 458 1862 belua
484 1798 633 1862 instincta
659 1798 746 1862 rabie
773 1798 898 1863 invecta
927 1803 975 1891 eqd
1002 1798 1036 1862 in
1063 1797 1188 1862 ordines
1211 1797 1442 1862 circumsisten-

214 1915 247 1970 15
265 1903 354 1971 tium.
414 1903 532 1969 Rector
575 1905 688 1970 beluae
726 1904 781 1969 ubi
818 1926 929 1990 regem
966 1906 1128 1989 conspexit
1165 1904 1442 1990 languescentibus

264 2011 414 2075 membris
446 2012 499 2075 vix
532 2017 709 2098 compotem
740 2011 887 2088 mentis³,
925 2013 1052 2077 beluam
1084 2012 1119 2076 in
1149 2011 1261 2096 togam
1293 2011 1440 2075 concitat.

265 2115 326 2182 Sed
354 2118 558 2202 elephantum
586 2139 726 2204 quoque,
755 2119 810 2204 qui
837 2119 938 2184 multe
966 2123 1131 2204 exceperat
1153 2119 1231 2197 tela,
1258 2118 1341 2182 vires
1366 2117 1441 2181 defi·

264 2223 418 2292 ciebant4.
463 2225 565 2292 Porus
588 2226 713 2292 saucius
736 2225 803 2290 labi
826 2247 865 2291 ex
887 2226 981 2292 belua
1004 2227 1115 2311 coepit.
1161 2225 1270 2302 Indus,
1299 2223 1357 2308 qui
1379 2224 1442 2288 ele·

264 2331 420 2414 phentum
446 2333 591 2418 regebat,
620 2335 805 2399 descendere
833 2355 905 2398 eum
932 2337 1034 2413 ratus,
1061 2353 1148 2398 more
1171 2331 1267 2398 solito
1291 2330 1442 2414 elephan-

212 2449 247 2505 90
266 2442 333 2502 turn
361 2439 567 2522 procumbere
591 2440 687 2524 jussit
713 2441 747 2504 in
773 2462 886 2525 genua.
937 2439 999 2518 Qui
1027 2444 1063 2504 ut
1090 2461 1124 2504 se
1151 2438 1313 2518 submisit,
1345 2438 1442 2502 ceteri

264 2565 403 2628 quoque,
431 2545 477 2609 ita
500 2547 583 2610 enim
606 2546 744 2611 instituti
768 2551 866 2626 erant,
889 2547 1081 2612 demiserunt
1103 2567 1235 2631 corpora
1257 2545 1291 2608 in
1314 2549 1441 2610 terram,

264 2649 334 2714 Rex
361 2671 474 2734 corpus
498 2651 588 2732 Pori,
613 2653 816 2718 interemtum
844 2675 912 2718 esse
939 2654 1081 2732 credens,
1105 2653 1199 2738 jubet
1226 2651 1369 2738 spoliari,
1399 2655 1440 2729 et,

264 2757 321 2842 qui
353 2758 554 2824 detraherent
585 2759 717 2825 loricam
748 2763 942 2845 vestemque,
979 2765 1212 2826 concurrerunt.
1262 2759 1345 2824 Tum
1378 2763 1443 2826 ele·

230 2864 403 2947 *phantus
441 2865 603 2930 dominum
640 2865 723 2930 tueri
760 2871 891 2932 conatur
928 2867 1131 2950 levatumque
1161 2887 1276 2950 corpus
1309 2868 1379 2952 ejus
1408 2870 1441 2932 in

211 2980 246 3035 26
266 2971 393 3034 dorsum
421 2993 513 3036 suurn
534 2971 731 3055 imponere⁶3
752 2975 812 3038 sed
835 2973 907 3038 telis
930 2974 1070 3057 undique
1093 2973 1225 3038 obrutus
1248 2973 1395 3040 confodit
1435 3027 1441 3040 .

263 3076 383 3141 Porum
415 3099 546 3163 aegrum
571 3078 752 3144 Alexander
784 3079 905 3144 curarit
931 3081 1017 3144 haud
1050 3101 1138 3144 secus
1166 3101 1203 3145 ac
1231 3081 1258 3145 si
1284 3103 1344 3164 pro
1370 3082 1443 3165 ipso

262 3189 448 3270 pugnasset3
487 3187 706 3252 confirmatum
744 3190 854 3252 contra
891 3209 980 3271 spem
1018 3187 1161 3252 omnium
1198 3187 1233 3251 in
1265 3188 1442 3254 amicornm

263 3311 428 3358 numerum
450 3294 581 3377 recepit,
609 3315 685 3360 mox
708 3294 837 3358 donarit
860 3293 1013 3378 ampliore
1036 3313 1143 3378 regno,
1167 3315 1263 3378 quam
1285 3298 1441 3362 tenuerat.

310 3511 362 3570 55.
406 3505 587 3571 Alexander
624 3510 690 3571 tum
727 3507 929 3572 memorabili
960 3507 1095 3572 victorie
1130 3508 1246 3587 laetus,
1285 3529 1349 3592 que
1380 3510 1443 3574 sibi

211 3619 246 3676 80
266 3608 403 3676 Orientis
418 3612 496 3677 fines
519 3617 646 3698 apertos
669 3635 736 3678 esse
760 3615 915 3693 censebat,
938 3613 1006 3680 Soli
1028 3614 1166 3680 victimis
1189 3614 1306 3678 caesisl
1330 3615 1371 3679 ad
1393 3617 1443 3680 in·

263 3717 412 3782 teriorem
443 3717 565 3784 Indiam
597 3720 756 3804 processit.
806 3712 911 3786 Silvae
944 3725 1033 3786 erant
1064 3741 1163 3805 prope
1191 3721 1225 3784 in
1251 3720 1443 3787 immensum

264 3824 402 3908 spatium
434 3825 567 3891 diffusae
598 3825 799 3910 procerisque
832 3831 865 3892 et
891 3827 1043 3912 praealtis
1072 3828 1236 3893 arboribus
1263 3828 1443 3894 umbrosae.

264 3929 350 3996 (laeli
376 3933 561 4016 temperatio
590 3931 739 4012 salubris,
768 3955 843 3998 nam
870 3940 903 4000 et
929 3935 994 3999 rim
1023 3934 1100 4000 solis
1126 3935 1258 3999 umbrae
1280 3935 1390 4000 levant
1412 3941 1444 4001 et

264 4060 366 4123 aquae
379 4039 489 4125 largae
503 4046 634 4106 manant
657 4063 674 4105 e
697 4041 847 4108 lontibus.
893 4041 1095 4126 Serpentium
1118 4059 1235 4128 magna
1257 4041 1306 4108 vis
1328 4041 1365 4106 in
1386 4043 1443 4108 sil·

211 4153 246 4208 aa
264 4145 311 4210 ris
343 4149 422 4225 erat3
453 4145 539 4212 virus
570 4148 695 4212 nullum
720 4149 826 4233 magis
853 4149 985 4214 nonium
1013 4147 1095 4227 est'a
1124 4169 1266 4214 morsum
1292 4171 1443 4232 praesens

264 4273 348 4316 mors
387 4253 589 4338 sequebatur,
627 4255 725 4318 donec
762 4255 802 4320 ab
840 4255 952 4320 incolis
989 4256 1163 4321 remedium
1201 4256 1346 4321 oblatum
1384 4262 1442 4324 est.

230 4355 348 4422 *Hinc
363 4381 419 4442 per
442 4362 564 4426 desmta
586 4364 717 4426 rentum
739 4366 786 4428 est
808 4363 849 4427 ad
871 4363 989 4429 flmnen
1011 4362 1220 4448 Hyarotim.
1265 4363 1443 4448 Adjaeebat
