3074 4934
802 251 865 311 140

247 420 371 486 essent⁰
402 421 582 506 captivique
614 423 827 488 redderentur.
877 422 937 488 His
970 444 1009 487 ex
1040 425 1167 486 senatus
1199 421 1345 486 consulto
1373 443 1420 486 re
1524 469 1525 472 ,

246 550 399 612 sponsum
414 532 475 593 est:
498 550 612 593 munus
632 551 742 594 eorum
761 534 889 614 gratum
912 534 1139 613 acceptumque
1162 527 1263 606 esse⁷3
1284 526 1422 604 obsides,

249 657 311 719 quo
334 633 427 699 loco⁸
449 639 615 720 rogarent,
640 635 779 712 futurum
808 636 950 719 captivos
973 658 1007 700 se
1029 657 1095 700 non
1116 635 1310 712 remissoros,
1334 633 1421 716 quod

247 741 474 820 Hannibalem,
507 742 595 806 cuins
624 763 720 825 opera
747 747 927 828 susceptum
956 743 1075 808 bellum
1102 740 1216 821 esset⁹,
1242 739 1422 804 inimicissi-

212 859 335 912 51110111
366 847 487 912 nomini
514 846 707 928 Roman010,
739 850 919 914 etiamnunc
952 871 1025 914 cum
1055 847 1189 932 imperio
1221 848 1305 931 apud
1331 868 1422 911 exer·

248 955 347 1019 citum
369 954 524 1020 haberent
545 955 685 1039 itemque
707 955 839 1020 fratrem
862 956 929 1020 eius
951 956 1130 1041 Magonem.
1174 954 1246 1020 Hoc
1268 975 1423 1037 responso

249 1059 523 1147 Carthaginienses
575 1062 702 1148 cognito
750 1062 965 1127 Hannibalem
1011 1063 1140 1127 domum
1186 1065 1424 1126 revocaverunt.

215 1177 230 1208 ⁸
247 1169 298 1234 Eo
325 1172 362 1233 ut
389 1169 496 1248 rediit,
522 1191 578 1234 rex
607 1170 710 1234 factus
734 1169 825 1236 est¹¹.
870 1169 917 1234 Ut
940 1170 1023 1234 enim
1046 1169 1167 1235 Romae
1190 1168 1348 1246 consules,
1377 1167 1425 1231 sic

249 1274 440 1360 Carthagine
472 1276 641 1360 quotannis
668 1275 799 1340 annui¹⁹
825 1276 893 1340 bini
919 1297 1010 1361 reges
1037 1273 1268 1341 creabantur¹⁸.
1317 1273 1356 1340 In
1383 1296 1423 1338 eo

197 1391 230 1446 10
249 1383 437 1466 magistratu
469 1382 539 1466 pari
570 1381 769 1468 diligentia¹⁴
801 1405 835 1448 se
863 1382 1010 1466 praebuit
1038 1381 1109 1446 ac¹f>
1135 1382 1240 1447 fuerat
1266 1381 1300 1445 in
1326 1381 1425 1445 bello.

249 1487 333 1552 Nam
367 1489 483 1568 effecit,
519 1511 557 1554 ex
589 1489 680 1554 novis
711 1489 922 1575 vectigalibus
954 1512 1019 1554 non
1051 1489 1154 1554 solum
1184 1493 1221 1553 ut
1253 1491 1335 1552 esset
1366 1509 1423 1570 pe·

250 1593 391 1674 0011010,
427 1617 508 1679 quae
540 1596 692 1661 Romanis
729 1618 767 1660 ex
802 1595 963 1661 foedere¹⁷
1000 1597 1204 1678 penderetur,
1240 1593 1294 1656 sed
1326 1593 1426 1658 etiam

250 1705 435 1784 superesset,
459 1723 539 1786 quae
561 1701 596 1765 in
618 1701 738 1766 aerario
760 1699 1009 1784 reponeretur¹⁸.
1054 1700 1176 1764 Deinde
1198 1699 1302 1764 Roma
1324 1699 1427 1784 legati

250 1805 474 1892 Carthaginem
505 1814 666 1874 venerunt.
718 1807 805 1884 Quos
837 1807 1000 1871 Hannibal
1032 1811 1120 1872 ratus
1152 1807 1201 1871 sui
1233 1807 1428 1889 exposcendi

199 1913 389 1998 1011111111ο
416 1915 542 1994 missos,
573 1915 758 1999 priusquam
784 1914 823 1978 iis
851 1920 978 1979 senatus
1006 1910 1180 1989 daretur²⁰,
1207 1935 1320 1977 navem
1348 1935 1427 1978 con·

252 2020 373 2084 scandit
395 2021 477 2084 clam
500 2025 595 2104 atque
617 2021 651 2084 in
674 2019 798 2105 Syriam
820 2021 860 2085 ad
883 2019 1078 2086 Antiochum
1100 2019 1253 2104 profugit.
1298 2020 1369 2084 Hac
1390 2043 1429 2085 re

251 2127 357 2211 palam
384 2127 471 2192 facta
494 2126 592 2192 Poeni
620 2149 716 2192 naves
744 2128 834 2203 duas,
863 2149 944 2212 quae
967 2149 1039 2192 eum
1063 2127 1375 2211 comprehenderent,
1397 2128 1427 2192 si
1535 2169 1536 2222 p

250 2238 381 2318 possent
408 2233 570 2318 consequi,
602 2235 769 2313 miserunt,
800 2234 885 2299 bona
913 2235 981 2299 eius
1008 2234 1224 2318 publicarunt,
1252 2235 1380 2299 domum
1407 2257 1428 2298 a
1535 2227 1536 2244 ¹

251 2340 495 2406 fundamentis²¹
520 2341 718 2426 disjecerunt,
740 2341 844 2425 ipsum
868 2339 1044 2406 0101110111ῃ
1065 2340 1253 2406 iudicarunt.

199 2501 233 2556 20
298 2489 349 2550 14.
394 2484 440 2548 At
462 2484 624 2549 Hannibal
651 2506 734 2550 anno
762 2484 871 2562 tertio,
898 2487 1069 2567 postquam
1093 2483 1187 2547 domo
1210 2483 1428 2567 profugerat¹,

252 2611 324 2654 cum
353 2591 491 2674 quinque
517 2591 650 2655 navibus
677 2591 711 2655 in
732 2590 874 2654 Africam
898 2590 1030 2654 accessit
1052 2590 1086 2653 in
1109 2589 1226 2654 finibus
1249 2589 1427 2674 Cyrenaeo-

251 2718 336 2776 rum,
374 2697 401 2762 si
432 2696 708 2782 Carthaginienses
746 2698 786 2762 ad
823 2697 944 2761 bellum
976 2695 1128 2762 Antiochi
1160 2718 1216 2779 spe
1247 2696 1427 2780 fiduciaque

219 2821 235 2850 ⁴
253 2802 507 2882 inducerentur²,
545 2805 595 2868 cui
630 2805 696 2888 jam
733 2808 946 2886 persuaserat,
982 2806 1019 2867 ut
1057 2825 1129 2867 cum
1167 2803 1359 2868 exercitibus
1390 2803 1424 2868 in

254 2907 380 2974 ltaliam
417 2911 674 2993 proficisceretur.
728 2909 802 2974 Huc
833 2909 1004 2994 Magonem
1040 2909 1173 2973 fratrem
1211 2909 1334 2974 excivit
1388 2908 1429 2974 Id

199 3034 233 3088 25
251 3016 308 3080 ubi
339 3015 439 3081 Poeni
469 3015 696 3095 resciverunt³,
733 3017 902 3102 Magonem
935 3017 1058 3095 eadem,
1095 3038 1159 3100 qua
1189 3016 1334 3094 fratrem,
1371 3017 1429 3081 ab·

253 3127 373 3187 sentem
389 3123 561 3188 affecerunt
579 3122 709 3208 poena4.
754 3123 808 3188 Illi
831 3123 1004 3206 desperatis
1027 3121 1140 3188 rebus⁶
1162 3143 1234 3188 cum
1256 3123 1430 3188 solvissent

252 3251 347 3294 naves
375 3252 412 3294 ac
438 3231 510 3295 vela
536 3231 638 3295 ventis
666 3227 856 3307 dedissent⁰,
883 3228 1046 3294 Hannibal
1075 3231 1115 3294 ad
1137 3228 1332 3294 Antiochum
1354 3250 1429 3312 per·

252 3336 352 3412 uenit3
379 3336 418 3400 de
440 3337 586 3422 Magonis
612 3337 743 3401 interitu
771 3337 889 3420 duplex
912 3335 1083 3400 memoritl
1105 3337 1232 3419 prodita
1254 3339 1311 3402 est.
1356 3336 1427 3400 Alii

252 3443 420 3527 naufragio
441 3465 511 3508 eum
531 3443 658 3527 perisse,
682 3442 737 3507 alii
753 3465 772 3506 a
787 3443 885 3507 servis
907 3443 1007 3528 ipsius
1030 3442 1233 3506 interfectum
1256 3463 1324 3506 esse
1347 3442 1427 3506 scri-

199 3567 235 3621 30
252 3554 342 3634 ptum
364 3549 588 3634 reliquerunt⁸.
634 3549 812 3614 Antiochus
836 3554 942 3614 autem
964 3550 991 3614 si
1014 3554 1080 3614 tam
1102 3549 1136 3612 in
1158 3548 1295 3633 gerendo
1319 3548 1429 3614 bello⁹

253 3656 393 3722 consiliis
430 3656 620 3722 Hannibalis
660 3678 772 3739 parere
807 3656 974 3736 voluisset,
1021 3678 1117 3740 qnam
1153 3656 1186 3719 in
1225 3655 1429 3738 suscipiendo

252 3761 480 3843 instituerat¹⁰,
510 3763 640 3848 propius
673 3762 814 3827 Tiberim
847 3785 942 3846 quarn
971 3761 1201 3845 Thermopylas
1233 3763 1270 3826 de
1302 3783 1431 3826 summa

251 3869 377 3954 imperii
404 3869 624 3936 dimicasset¹¹.
670 3867 772 3946 Quem
800 3869 860 3933 etsi
886 3870 989 3933 multa
1011 3869 1108 3933 stulte
1131 3867 1274 3932 conari¹8
1296 3869 1430 3934 videbat

218 3992 235 4023 0
253 3976 430 4056 Hannibal,
467 3981 573 4041 tamen
610 3976 699 4042 nulla
737 3977 771 4040 in
807 3999 842 4042 re
875 3975 1019 4040 deseruit.
1074 3973 1251 4040 Ρ1001111118
1282 3975 1430 4053 navibus,

199 4100 234 4154 35
253 4105 331 4167 quas
360 4107 398 4148 ex
420 4083 511 4170 Syria
537 4085 640 4148 iussus
670 4082 771 4148 erat¹⁴
798 4083 832 4148 in
855 4083 966 4148 Asiam
994 4082 1120 4162 ducere,
1147 4083 1248 4167 iisque
1277 4083 1429 4148 adversus

217 4205 232 4236 ⁰
253 4189 452 4254 Rhodiorum
495 4190 626 4255 classem
669 4191 702 4254 in
745 4190 936 4275 Pamphylio
977 4189 1059 4254 mari
1101 4189 1251 4255 conflixit.
1311 4187 1430 4254 Cum¹⁶

253 4317 380 4381 pugnae
415 4297 538 4361 navalis
575 4297 799 4362 exercitatione
831 4296 1081 4362 adversariorum
1112 4297 1162 4360 sui
1193 4300 1431 4381 superarentur,

253 4403 330 4486 ipse,
353 4424 416 4486 quo
440 4419 537 4468 cornu
559 4425 626 4468 rem
649 4405 755 4488 gessit,
777 4404 839 4468 fuit
861 4401 1047 4488 superior¹⁶.
