3074 4934
633 253 675 314 95

80 423 209 506 ejusdem
249 428 351 490 terrae
389 425 510 490 steriles
548 446 661 490 arenae
700 429 815 490 tenent.
871 423 970 490 (ἶιιιιιὖ
1001 445 1076 489 vero
1108 423 1194 490 venti
1226 447 1244 488 a

78 529 182 612 (tarpio
213 532 294 596 mari
321 531 457 615 spirant,
489 532 644 616 quidquid
672 529 805 596 ιιιιιιιιι6
831 531 865 598 in
892 530 1013 614 campis
1037 531 1137 614 jacet,
1169 550 1243 596 con-
1364 577 1366 580 -

77 641 205 706 verrunt.
253 636 345 714 Quod
372 639 428 704 ubi
455 639 650 704 cumulatum
680 643 742 718 est,
769 659 957 723 magnorum
980 637 1110 704 collium
1132 637 1244 721 procul

77 743 190 828 species
214 749 269 823 est,
293 746 461 829 omniaque
483 745 609 830 pristini
630 744 752 810 itineris
774 743 910 828 vestigia
927 743 1094 810 intereunt
1130 741 1243 826 Itaque

75 850 125 934 qui
145 855 311 918 transeunt
326 873 454 936 campos
476 851 694 937 navigantium
718 852 811 918 modo
833 853 931 916 noctu
946 850 1051 916 sidera
1065 848 1242 928 observant,
1261 857 1277 912 5

75 957 109 1020 ad
129 979 263 1041 quorum
287 979 411 1024 cursum
433 959 495 1026 iter
514 959 662 1044 dirigunt.
707 957 741 1026 si
756 957 856 1042 quos⁷
871 957 926 1022 ille
941 959 1054 1022 ventus
1069 955 1242 1040 deprehen·

75 1062 126 1138 dit,
152 1086 249 1130 arena
276 1066 389 1132 obruit.
435 1066 498 1132 Sed
525 1089 589 1150 qua
615 1065 722 1132 mitior
744 1070 829 1130 terra
851 1068 912 1144 est,
939 1063 1054 1148 ingens
1076 1061 1242 1128 hominum

79 1193 285 1256 equorumque
316 1173 487 1240 multitudo
519 1173 670 1259 gignitur
721 1171 794 1256 Ipsa
821 1171 972 1249 Bactra,
1003 1169 1142 1256 regionis
1175 1169 1241 1254 ejus

76 1283 169 1362 caput,
194 1279 255 1344 sita
277 1286 351 1348 sunt
373 1281 431 1346 sub
454 1284 563 1348 monte
578 1279 792 1364 Parapamiso.
831 1278 893 1344 Hie
912 1301 968 1344 rex
989 1278 1103 1344 stativa
1118 1277 1240 1343 habuit.

112 1447 161 1508 43.
208 1439 345 1505 Sarcinis
382 1441 677 1526 impedimentisque
716 1462 787 1504 cum
824 1439 981 1522 praesidio
1018 1437 1137 1502 relictis
1173 1437 1294 1522 ipse10

76 1567 136 1610 cum
179 1547 325 1630 expedito
364 1547 510 1632 agmine1
546 1547 618 1612 loca
656 1547 780 1611 deserta
817 1545 1097 1631 Sogdianorum
1134 1546 1241 1623 intrat,

75 1657 219 1718 nocturno
241 1653 352 1718 itinere
376 1653 548 1718 exercitum
571 1653 695 1718 ducens.
738 1652 800 1716 Per
823 1653 1054 1746 quadringenta
1077 1651 1179 1716 stadia
1200 1674 1241 1716 ne

74 1760 206 1824 modicus
245 1760 371 1844 quidem
407 1760 522 1826 humor
554 1759 684 1824 exsistit.
739 1760 861 1826 Arenae
893 1759 988 1824 ardor
1019 1758 1131 1824 aestivi
1163 1758 1273 1822 solis*

73 1867 328 1943 accenderatut
314 1871 473 1932 touncta
503 1869 705 1932 torrerentur.
755 1864 957 1930 Nocturnum
983 1864 1044 1930 iter
1072 1864 1273 1930 tolerabile*

72 1972 242 2051 videbatur,
274 1973 349 2056 quia
378 1995 450 2038 rore
483 1977 515 2038 et
545 1973 702 2038 matutino
734 1972 854 2057 frigore
883 1993 1015 2056 corpora
1041 1971 1237 2038 levabantur.
1258 1975 1290 2031 15

72 2077 126 2146 Sed
147 2102 220 2146 cum
242 2081 312 2164 ipsa
330 2079 421 2145 luce²
437 2084 542 2146 aestus
558 2079 666 2157 oritur,
689 2100 878 2162 omnemque
894 2079 1072 2144 naturalem
1088 2078 1238 2144 absorbet

72 2185 229 2254 humorem
267 2188 404 2262 siccitas3
445 2209 501 2252 ora
537 2186 720 2270 visceraque
757 2186 884 2269 penitus
921 2187 1065 2250 uruntur.
1125 2184 1237 2268 ltaque

18 2323 19 2326 ¹
71 2295 201 2375 primum
232 2295 340 2378 animi,
373 2295 484 2360 deinde
517 2314 650 2378 corpora
682 2293 814 2358 deficere
845 2289 1045 2376 coeperunt&
1096 2290 1236 2356 Tandem

71 2401 105 2464 ad
128 2401 247 2466 flumen
270 2401 418 2468 Oxum'
408 2423 476 2486 ipse
498 2401 643 2485 pervenit
664 2400 768 2484 primo
791 2399 857 2464 fere
881 2421 1017 2483 vespere.
1064 2397 1126 2462 Sed
1148 2420 1236 2464 exer·

70 2508 142 2572 citus
165 2529 281 2594 magna
302 2531 377 2593 pars
399 2531 464 2574 non
485 2511 633 2592 potuerat
655 2507 812 2590 consequi.
851 2505 889 2570 ln
912 2505 996 2570 edito
1019 2509 1127 2570 monte
1147 2504 1236 2590 ignes
1255 2509 1290 2564 20

68 2612 150 2694 jubet
173 2613 272 2694 fierit
293 2615 372 2680 ut''
351 2638 383 2692 ιι,
406 2615 462 2698 qui
485 2635 578 2699 aegre
601 2613 776 2697 aequabant
776 2635 823 2691 ur,
845 2613 932 2678 haud
954 2612 1068 2695 procul
1090 2611 1236 2676 acastris

69 2741 97 2783 se
121 2722 230 2788 abesse
258 2724 489 2806 cognoscerent
539 2719 611 2806 Ipse
638 2741 703 2784 non
731 2723 804 2786 ante
833 2720 873 2784 ad
900 2740 1016 2802 corpus
1044 2715 1236 2784 curandum⁶

68 2829 202 2906 recessit,
230 2811 335 2912 quani
353 2826 592 2911 praeterierant,
620 2827 676 2910 qui
704 2847 818 2910 agmen
841 2825 1086 2900 claudebant&
1087 2827 1236 2906 otamque

69 2954 130 3000 eam
155 2940 282 3000 noctem
309 2957 382 3000 cnm
408 2955 524 3018 magno
553 2933 651 2998 animi
680 2931 792 2998 ιιιοιιι6
813 2931 974 3016 perpetuis
997 2929 1118 3016 vigiliis
1141 2928 1235 3014 egit⁷.

68 3038 128 3106 Nec
157 3045 285 3127 postero
317 3041 368 3106 die
394 3040 509 3106 laetior
537 3044 617 3118 erat,
650 3040 732 3124 quia,
752 3061 810 3104 nec
837 3039 965 3123 navigia
992 3036 1143 3115 habebat,
1175 3058 1233 3100 nec
1251 3042 1286 3096 25

18 3207 19 3248 3
67 3153 189 3228 pontem
210 3148 315 3214 facere
337 3150 471 3232 poterat.
512 3147 624 3231 Itaque
646 3145 771 3210 utribus
790 3145 978 3210 incubantes
993 3147 1235 3208 transnaverunt

69 3275 191 3322 amnem.
236 3255 308 3320 Hoc
334 3254 429 3320 modo
456 3259 545 3320 sexto
574 3253 700 3318 demum
728 3253 777 3316 die
804 3253 837 3316 iu
865 3251 1015 3315 ulteriore
1039 3249 1108 3332 ripa
1129 3253 1234 3312 totum

68 3363 232 3428 exercitum
255 3361 410 3446 exposuit.
492 3435 494 3440 ,

107 3529 155 3589 44.
199 3521 337 3606 Jamque
369 3521 409 3586 ad
440 3519 691 3604 persequendum
724 3518 858 3582 Bessum
891 3519 1045 3580 statuerat
1075 3512 1234 3598 progredi,

68 3648 131 3692 cum
158 3652 208 3702 ea,
243 3651 323 3713 quae
351 3627 384 3691 in
413 3625 581 3712 Sogdianis
609 3629 700 3710 gesta
728 3627 830 3703 erant,
858 3623 1030 3709 cognoscit.
1081 3620 1233 3706 Conjura·
1251 3625 1286 3682 30

67 3740 168 3800 verant
193 3735 365 3821 principes,
393 3734 507 3818 quibus
535 3755 554 3796 a
581 3732 681 3796 Besso
709 3731 847 3796 maxima
874 3731 952 3794 fides
979 3727 1169 3807 habebatur,
1197 3732 1234 3790 ut

68 3840 184 3906 ιίιιιιιι1
198 3842 381 3908 Alexandro
403 3841 570 3906 traderent.
608 3839 693 3903 Dolo
717 3839 883 3922 deceptum
905 3837 1080 3914 vinxerant,
1104 3835 1231 3917 derepto

69 3967 101 4009 ex
122 3949 222 4033 capite
243 3949 336 4033 regni
357 3947 476 4034 insigni
496 3947 697 4030 lacerataque
719 3949 820 4021 veste,
845 3965 940 4028 quam
963 3965 980 4008 e
1003 3942 1113 4028 spoliis
1136 3939 1232 4005 occisi

67 4054 142 4138 regis
168 4055 326 4132 induerat;
358 4055 392 4118 in
420 4075 534 4138 equum
562 4053 761 4136 impositum,
788 4056 825 4115 ut
852 4049 1034 4115 Alexandro
1062 4049 1265 4124 traderent*

68 4158 221 4228 ducebant.
281 4161 350 4226 Rex
387 4161 508 4226 interea
545 4161 585 4224 ad
622 4159 735 4224 urbem
771 4157 1000 4222 Maracanda
1037 4156 1230 4241 pervenerat.
1248 4157 1264 4188 *

18 4319 19 4356 q
67 4263 217 4336 Praesidio
245 4269 316 4333 urbi
343 4267 452 4334 relicto
480 4267 632 4350 processit
660 4266 699 4331 ad
728 4265 749 4330 J
755 4269 923 4330 exertam
951 4285 1088 4340 amnem,
1115 4258 1230 4345 quem²

18 4369 20 4458 l
65 4371 126 4454 ipse
156 4375 332 4458 militesque
361 4375 428 4458 ejus
457 4374 590 4440 Tanaim
617 4376 809 4456 putaverunt
837 4394 912 4438 esse.
964 4369 1033 4446 Quo
1060 4367 1230 4450 perductus
