3100 4936
725 244 788 302 214

153 412 216 486 ‚404
257 411 450 472 Athenienses
471 413 580 473 obsessi
601 415 678 474 fame
698 417 887 491 premuntur;
907 434 1010 491 pacem
1029 416 1144 490 petunt.

254 510 392 570 Mutatur
401 514 496 571 status
506 513 826 589 civitatis3respublica
843 513 1028 590 triginta
1049 512 1157 572 viris
1174 513 1316 588 permissa
1325 515 1382 571 est

254 608 529 669 Theramenes
560 631 577 669 a
603 610 740 670 Critia
775 614 930 670 accusatus
959 612 990 669 in
1019 610 1140 670 vincula
1169 611 1319 685 conjectus
1351 613 1383 669 et

322 698 494 758 interfectus
515 702 567 758 est.

145 795 205 854 403
248 795 544 872 Thrasybulus
569 799 696 874 patriam
716 798 748 857 in
767 798 936 857 libertatem
955 798 1124 858 vindicavit.

154 893 211 951 401
256 893 386 970 Cyrus
411 895 546 954 min'or
570 897 684 972 proelio
710 896 748 954 11
774 895 938 956 011111
962 897 1040 954 facto
1066 915 1083 954 1
1107 897 1199 954 fratre
1219 896 1382 955 Artaxerxe

160 1012 162 1016 ·
331 986 488 1059 superatur
509 987 599 1060 atque
619 986 682 1061 ipse
703 985 890 1045 interficitur.
931 985 1164 1060 Xenophon.

147 1079 206 1137 399
250 1080 399 1140 Socrat
410 1101 450 1140 es
471 1083 576 1158 capitis
597 1082 807 1142 condemnatus
827 1083 971 1159 poculum
990 1101 1101 1142 veneno
1122 1082 1251 1141 mixtum
1271 1081 1385 1140 hausit.

361 1197 687 1258 Lacedaemonii
711 1199 801 1259 Asiae
822 1199 980 1276 imperium
1002 1203 1138 1276 appetere
1159 1201 1325 1276 coeperrmt.

153 1303 211 1360 396
253 1303 336 1380 Age
347 1305 483 1364 silaus
503 1325 554 1364 rex
568 1306 729 1383 Phrygiam
744 1309 774 1365 et
786 1305 958 1383 Lydiam
982 1306 1142 1382 populatus
1156 1305 1383 1381 Tissaphernem

325 1395 471 1469 satrapam
505 1394 541 1452 ad
575 1394 790 1454 Pactolum
825 1395 951 1456 fluvium
984 1395 1108 1472 fugavit.
1149 1393 1308 1472 Agesilaus
1343 1413 1379 1452 ex

327 1481 399 1540 Asia
418 1486 579 1542 revocatus.

145 1578 205 1636 395
256 1579 376 1637 Β111111
402 1579 625 1640 Boeotium
651 1583 685 1656 (s
712 1580 921 1660 Corinthium).
962 1581 1175 1659 Lysander
1199 1581 1319 1653 missus,
1345 1583 1385 1639 ut

325 1669 489 1728 Phocenses
510 1691 527 1729 a
547 1669 651 1730 Locris
671 1671 854 1747 defenderet,
876 1671 913 1730 ad
934 1671 1179 1730 Haliartum
1200 1691 1217 1728 1
1238 1669 1385 1729 Thebanis

324 1759 437 1834 proelio
457 1760 554 1819 victus
575 1763 627 1819 est.

151 1854 210 1911 394
264 1856 423 1932 Agesilaus
456 1857 649 1934 Hellesponto
684 1861 809 1936 trajecto
839 1858 1021 1919 Boeotorum
1055 1859 1127 1918 fines
1161 1858 1311 1935 ingressus
1345 1855 1384 1914 ad

327 1944 551 2006 Coroneam
571 1949 654 2025 gravi
675 1949 787 2024 proelio
808 1949 889 2008 vicit.

160 2081 162 2089 ·
249 2043 365 2102 Bodem
399 2051 473 2104 1110
505 2044 641 2105 00101
677 2067 694 2105 1
727 2067 795 2124 rege
829 2046 954 2106 navibus
983 2045 1182 2105 Phoenicibus
1215 2044 1384 2121 praefectus

327 2132 629 2194 Lacedaemoniorum
660 2136 782 2194 classem
813 2136 886 2195 vicit
916 2135 996 2211 apud
1028 2133 1207 2194 Cnidum.
1249 2131 1386 2191 Athenas

329 2242 467 2282 reversus
488 2243 590 2284 muros
611 2225 729 2284 dirutos
750 2245 767 2283 1
787 2223 939 2301 Lysandro
959 2223 1157 2283 restituendos
1179 2225 1271 2282 curat

248 2320 498 2396 Iphicrates
523 2323 793 2382 mercennariorum
813 2322 874 2380 dux
895 2320 1070 2381 Corinthum
1091 2320 1211 2380 obtinet.

149 2425 209 2483 387
258 2428 319 2487 Ρ11
341 2428 605 2489 Antalcidea.
648 2431 849 2507 (Conditiones
869 2430 949 2506 pacis
969 2449 996 2488 v.
1010 2449 1039 2506 p.
1061 2427 1131 2507 51.)⁴

321 2596 324 2600 ·
405 2564 512 2624 Theb
523 2585 589 2624 anr
608 2566 812 2642 principatum
834 2563 973 2624 Graeciae
994 2565 1136 2624 obtment.

149 2678 208 2737 382
251 2679 489 2740 Phoebidas
514 2680 764 2741 Lacedaemonius
793 2700 861 2741 cum
889 2682 1049 2740 exercitum
1072 2681 1238 2758 Olynthum
1263 2680 1388 2738 duceret

327 2770 443 2846 iterque
473 2789 526 2845 per
555 2769 669 2830 Thebas
699 2771 819 2846 faceret,
851 2769 1071 2830 Cadmeam
1102 2789 1198 2830 arcem
1228 2768 1387 2844 occupavit

327 2859 459 2934 impulsu
479 2877 644 2934 paucorum
664 2859 876 2920 Thebanorum.

251 2957 487 3034 Pelopidas
514 2976 582 3016 cum
603 2957 753 3016 exsulibus
773 2958 901 3034 patriam
922 2957 1072 3018 obsidione
1093 2957 1238 3017 liberavit.

247 3055 476 3132 Agesilaus
501 3055 533 3114 in
556 3055 710 3115 Boeotiam
735 3055 850 3115 invasit.
892 3055 1086 3115 Athenienses
1114 3055 1151 3114 ed
1176 3054 1384 3114 Thebanorum

330 3147 429 3222 partes
456 3147 555 3221 aperte
584 3145 779 3220 transierunt,
810 3145 919 3204 auxilia
943 3146 1071 3204 mittunt
1096 3143 1273 3203 Chabria
1298 3143 1385 3202 duce.

255 3242 458 3321 Chabrias
485 3263 623 3319 magnam
645 3243 757 3302 cladem
777 3242 1016 3304 Lacedaemoniis
1037 3243 1074 3302 ad
1093 3241 1121 3302 N
1130 3261 1244 3302 axum
1270 3241 1385 3316 intulit,

331 3333 441 3392 multas
472 3333 607 3391 civitates
632 3332 796 3392 maritimas
829 3331 1054 3394 Atheniensium
1081 3332 1216 3390 societati
1239 3330 1384 3407 adjunxit

252 3431 501 3489 Timotheus
541 3429 667 3488 Cononis
704 3430 724 3488 f.
759 3428 936 3490 Laconicam
970 3430 1132 3507 populatus
1162 3427 1384 3505 Corcyram

335 3519 462 3578 insulam
484 3519 538 3577 sub
559 3519 719 3594 imperium
740 3519 968 3579 Atheniensium
987 3519 1109 3596 redegit.

187 3601 189 3608 ¹
259 3615 399 3676 Omnium
426 3617 581 3677 civitatum
606 3612 699 3694 legati
721 3618 757 3676 11
778 3637 880 3694 pacem
902 3615 1138 3678 constituendam
1159 3615 1295 3692 Spartam
1317 3633 1384 3674 con·

328 3707 459 3766 veniunt.
507 3706 727 3783 Epaminondas
752 3705 957 3766 Thebanorum
982 3707 1108 3784 legatus.
1154 3704 1299 3764 Thebanis
1323 3705 1385 3764 foe·

286 3823 292 3838 ν
335 3796 402 3855 1111
423 3796 549 3856 exclusis
570 3795 777 3855 Cleombrotus
796 3815 848 3855 rex
869 3795 967 3872 copias
987 3795 1018 3853 in
1038 3793 1192 3854 Boeotiam
1213 3794 1308 3852 duxit.

154 3901 212 3961 371
256 3903 564 3980 Epaminondas
598 3903 660 3962 acie
694 3901 813 3978 oblique
843 3901 989 3961 instruet-a
1019 3902 1056 3960 ad
1083 3902 1266 3960 Leuctra
1295 3899 1386 3960 Lace·

340 3992 565 4050 daemoniorum
585 3992 772 4066 disciplinam
793 4009 827 4050 ac
847 3991 1052 4050 fortitudinem
1074 3989 1233 4068 superavit.

251 4089 389 4150 1111111
412 4088 716 4166 Megalopolim
751 4090 904 4164 tamquam
939 4107 1122 4148 communem
1154 4105 1252 4147 arcem
1281 4089 1385 4148 contra

333 4178 579 4238 Lacedaemonios
601 4179 792 4237 constitutam
814 4178 1026 4238 communiunt.

183 4291 184 4296 ’
253 4277 472 4354 Epaminondas
502 4279 539 4334 ut
567 4276 696 4334 Arcades
726 4275 881 4352 adjuvaret
908 4276 1050 4354 irrumpit
1077 4279 1109 4336 in
1138 4245 1383 4353 Peloponnesum,

325 4365 561 4425 Messenios
587 4363 801 4425 inlibertatem
815 4365 1383 4443 vindicatipsamurbemSpertam
