3092 4938
789 281 828 339 16

225 455 384 540 colloquio
408 455 537 519 dixisset
559 455 714 539 glorians:
738 452 845 518 Solem
875 451 970 535 prae⁸
989 452 1169 536 jaculorum
1192 450 1395 515 multitudine

225 567 257 627 et
283 563 472 647 sagittarum
499 582 564 624 non
592 561 752 625 videbitis:
785 557 824 624 In
850 559 963 623 umbra
990 559 1101 644 igitur,
1128 558 1244 641 inquit,
1272 579 1395 642 pugna·

224 669 335 732 bimus.
359 705 403 714 -
431 667 573 731 Lacaena
600 689 671 731 cum
699 666 800 730 filium
827 666 861 729 in
885 665 1042 748 proelium
1070 665 1207 728 misisset
1240 667 1272 728 et
1298 665 1395 727 inter·

224 773 361 840 fectum⁴
384 775 535 839 audisset:
557 773 689 851 Idcirco,
712 773 823 856 inquit,
847 794 1031 858 genueram,
1054 775 1089 836 ut
1113 769 1230 849 essct⁶,
1258 771 1313 854 qui
1337 793 1395 854 pro

189 889 206 941 ὁ
224 883 327 965 patria
349 861 484 945 mortem
506 903 571 944 non
594 881 753 944 dubitaret
776 879 969 945 occumbere.

270 1047 299 1105 6.
344 1040 390 1105 At
417 1041 525 1104 classis
560 1039 734 1104 communis
763 1037 911 1104 Graeciae
943 1041 1155 1104 trecentarum
1188 1038 1330 1115 navium,
1362 1037 1396 1100 in

99 1179 101 1184 ·
225 1170 288 1232 qua
312 1147 465 1211 ducentae
489 1150 578 1210 erant
600 1146 850 1223 Atheniensium,
874 1145 1011 1228 primum
1035 1146 1118 1228 apud
1142 1144 1396 1220 Artemisium,

224 1255 306 1318 inter
337 1253 501 1318 Euboeam
533 1254 808 1336 continentemque
838 1257 968 1330 terram,
1006 1273 1078 1315 cum
1110 1251 1279 1315 classiariis
1310 1251 1396 1335 regis

226 1359 376 1424 conflixit.
421 1359 595 1444 Angustias
624 1359 707 1422 enim
730 1358 959 1422 Themistocles
987 1357 1191 1441 quaerebatl,
1222 1380 1262 1421 ne
1288 1357 1395 1421 multi-

174 1465 334 1530 latudine
358 1463 598 1529 circumiretur,2
636 1464 697 1529 Hic
721 1465 780 1528 etsi
802 1464 872 1546 pari
891 1461 1033 1546 proelio8
1053 1463 1267 1542 discesserant,
1290 1470 1396 1528 tamen

226 1573 335 1637 eodem
357 1571 450 1637 loco4
472 1594 536 1636 non
560 1576 634 1635 sunt
657 1572 725 1635 ausi
748 1593 888 1648 manere,
912 1571 997 1654 quod
1021 1575 1089 1634 erat
1110 1571 1301 1654 periculum,
1328 1569 1396 1648 ne⁶,

226 1681 252 1744 si
284 1701 358 1763 pars
389 1678 517 1743 navium
549 1677 799 1741 adversariorum
831 1677 995 1741 Euboeam
1027 1675 1235 1820 sguperassetffi
1267 1676 1397 1760 ancipiti

226 1790 444 1870 premerentur
466 1785 636 1868 periculo⁷.
683 1782 752 1860 Quo
776 1784 841 1848 fact
827 1788 896 1848 tum
919 1789 1014 1848 estu
1015 1783 1115 1847 t⁸ab
1139 1783 1310 1848 Artemisio
1334 1783 1396 1847 dis-

193 1894 421 1956 *oederente
422 1896 541 1956 toont
542 1915 577 1954 ra
609 1890 771 1955 Athenas
804 1892 886 1975 apud
919 1890 1111 1955 Salamina
1143 1891 1275 1954 classem
1307 1912 1397 1954 suam

174 2006 207 2059 15
227 1999 343 2063 constit
343 2003 460 2064 nerent.
438 1998 658 2064 tThemist
659 1998 742 2062 coles
778 2020 850 2062 cum
883 1997 1167 2074 animadvertisset,
1204 1995 1296 2062 Iones
1328 1998 1397 2080 regi

226 2106 343 2171 auxilio
370 2105 504 2184 venisse,
533 2105 650 2170 sollicit
636 2109 703 2168 tare
731 2126 785 2169 eos
818 2104 852 2168 in
879 2109 949 2188 part
951 2126 983 2167 es
1011 2127 1083 2168 suas
1111 2104 1234 2181 statuit
1267 2109 1298 2168 et
1326 2125 1397 2167 curn

226 2213 426 2296 colloquendi
449 2210 607 2295 copiam²⁰
630 2235 694 2276 non
710 2212 850 2298 haberet,
873 2211 965 2294 per11
979 2211 1063 2276 viam
1077 2211 1110 2274 in
1127 2211 1210 2276 saxis
1232 2209 1397 2274 inscribi²²

222 2318 360 2403 jussitffl,
388 2317 588 2383 deficerent¹⁴
617 2319 657 2382 ab
685 2340 773 2402 rege,
802 2321 857 2382 aut
885 2318 912 2381 si
938 2318 999 2381 hoc
1026 2339 1138 2400 parum
1169 2321 1274 2381 tutum
1307 2320 1396 2394 esset,

227 2426 394 2490 commisso
417 2427 537 2508 proelio
546 2423 572 2461 ¹⁶
595 2424 689 2487 remis
712 2424 890 2488 inhiberent
914 2427 945 2488 et
968 2425 1168 2490 discederent.

174 2593 208 2646 20
273 2591 300 2650 7.
346 2584 391 2648 At
413 2584 533 2652 Xerxes
557 2584 777 2667 Thermopylis
798 2584 1004 2668 expugnatis1
1022 2589 1173 2669 quattuor
1191 2584 1280 2648 milia
1295 2606 1396 2648 arma·

225 2691 351 2756 torum²
366 2691 509 2775 Delphos
525 2690 623 2754 mittit
645 2692 684 2754 ad
699 2692 855 2774 templum
873 2692 1033 2774 Apollinis
1049 2689 1289 2774 diripiendurn⁸;
1307 2691 1398 2774 quasi

226 2819 290 2862 non
322 2821 392 2863 cum
426 2797 553 2863 Graecis
584 2801 709 2861 tantum
741 2799 795 2862 sed
828 2798 924 2863 etiam
957 2820 1028 2862 cum
1062 2799 1127 2863 deis
1164 2797 1396 2862 immortalibus

226 2905 346 2969 bellum
369 2909 501 2990 gereret.
548 2903 635 2980 Quae
658 2927 769 2968 manus
789 2908 858 2968 tota
878 2905 1032 2969 imbribus
1048 2910 1080 2969 et
1095 2905 1280 2969 fulminibus
1297 2904 1399 2968 deleta

228 3017 283 3090 est,
314 3016 351 3076 ut
379 3012 584 3096 intelligeret,
622 3033 717 3095 quam
750 3009 877 3075 nullae4
910 3015 1014 3076 essent
1049 3013 1214 3076 hominum
1250 3013 1399 3076 adversus

175 3123 209 3178 25
228 3120 302 3183 deos
325 3118 415 3183 vires.
454 3117 533 3182 Post
553 3119 630 3181 haee
651 3117 805 3200 Thespias
829 3123 860 3182 et
875 3118 1030 3197 Plataeas,
1053 3117 1186 3182 vacuas¹⁵
1209 3118 1399 3196 hominibus,

227 3226 379 3303 incendit3
402 3225 547 3310 protinus
571 3225 682 3288 deinde
706 3225 837 3289 accessit
860 3226 899 3288 ad
923 3226 1042 3302 urbem,
1065 3248 1161 3310 quam
1183 3248 1276 3290 nemo
1293 3225 1399 3290 defen-

228 3334 335 3412 debat,
363 3355 543 3416 arcemque,
569 3331 765 3396 interfectis⁶
793 3355 872 3417 quos
900 3333 1075 3412 invenerat,
1103 3333 1246 3398 incendio
1276 3333 1399 3396 delevit.

228 3439 323 3504 Cuius
350 3439 478 3504 flamma
504 3439 664 3524 perterriti
688 3439 800 3504 Graeci
828 3461 901 3503 cum
933 3463 1059 3505 manere
1090 3462 1154 3504 non
1181 3441 1332 3504 auderent
1367 3443 1399 3502 et

228 3547 356 3628 plurimi
378 3547 593 3623 hortarentur,
620 3551 657 3609 ut
686 3547 796 3610 domos
819 3545 913 3610 suas⁷
937 3547 1130 3611 discederent
1152 3544 1399 3630 moenibusque⁸

175 3657 210 3711 30
229 3674 262 3716 se
285 3652 495 3730 defenderent,
517 3652 746 3716 Themistocles
769 3652 871 3716 unus⁹
893 3654 1010 3717 restitit
1033 3658 1065 3717 et
1087 3654 1249 3717 universos
1257 3650 1285 3690 ¹⁰
1308 3674 1399 3736 pares

230 3779 296 3822 esse
318 3780 411 3842 posse
435 3759 548 3844 ajebat,
571 3757 763 3841 dispersos¹⁰
785 3761 961 3824 testabatur
983 3761 1151 3844 perituros;
1179 3761 1274 3844 idque
1297 3759 1400 3842 Eury-

229 3865 328 3943 biadi,
360 3867 415 3949 qni
450 3871 519 3930 tum
551 3888 693 3930 summae
724 3866 849 3949 imperii
880 3868 1071 3950 praeeracss,
1108 3869 1174 3932 fore
1210 3867 1399 3931 affirmabat.

230 3970 330 4048 Quem
338 3971 365 4008 Η
388 3995 460 4037 cum
482 3975 594 4051 minus,
618 3996 715 4058 quam
735 3974 840 4051 vellet,
863 3980 1011 4052 moveret,
1034 3981 1129 4040 noctu
1154 3976 1192 4039 de
1216 3977 1313 4040 servis
1334 3975 1400 4040 suis

229 4100 324 4162 quem
346 4079 459 4143 habuit
481 4080 697 4145 fidelissimum
705 4077 732 4116 ¹⁸
756 4081 795 4144 ad
818 4103 926 4165 regem
945 4082 1040 4158 misit,
1063 4086 1099 4145 ut
1115 4082 1143 4145 ei
1158 4082 1318 4145 nuntiaret
1334 4081 1401 4144 suis

176 4189 211 4244 35
228 4184 376 4251 verbis²4z
406 4187 600 4252 adversarios
632 4189 698 4270 ejus
731 4189 764 4252 in
796 4187 873 4272 fuga
906 4211 979 4253 esse.
1027 4187 1088 4264 Qui
1119 4189 1146 4252 si
1178 4189 1401 4264 discessissent,

229 4293 349 4375 majore
371 4314 443 4358 oum
465 4293 571 4357 labore
599 4299 630 4358 et
657 4293 881 4380 longinquiore
908 4299 1049 4379 tempore
1078 4296 1198 4360 bellum
1225 4317 1297 4359 eum
1325 4315 1401 4358 con-

230 4399 398 4477 fecturum,
427 4422 498 4464 cum
521 4401 663 4485 singulos
671 4399 698 4437 ²⁵
721 4401 895 4467 consectari
920 4409 1099 4486 cogeretur3
1128 4425 1208 4486 quos
1235 4402 1263 4466 si
1291 4401 1402 4466 statim
