3092 4938
777 298 794 354 2

205 471 292 534 ribus
325 491 390 534 non
423 469 526 532 minus
559 469 697 532 illustres
730 467 935 532 obtinuerunt
966 468 1052 531 locos
1085 467 1248 551 clarasque
1279 467 1375 530 urbes

171 587 186 615 *
206 577 423 642 condiderunt:
465 575 645 660 Smyrnam,
684 574 811 658 Cymen,
848 575 881 637 in
919 573 1019 638 Lesbo
1057 573 1164 638 insula
1200 573 1375 656 Mytilenen

205 684 316 748 urbem
337 688 368 748 et
383 687 497 748 natura
520 687 552 746 et
574 682 638 746 situ
661 686 693 746 et
716 681 923 764 descriptione
946 681 1158 745 aedificiorum
1182 685 1214 744 et
1235 679 1374 764 pulchri-

205 789 314 854 tudine
329 789 484 872 imprimis
500 789 648 866 nobilem,
670 789 705 852 in
720 809 797 872 egro
810 789 946 871 jucrmdo
963 791 994 851 et
1009 787 1108 851 fertili
1129 787 1231 865 sitam,
1255 785 1375 851 alias¹⁵.

170 906 187 959 5
206 895 236 960 A
259 896 468 961 Doriensibus
492 895 636 959 conditae
659 899 733 959 sunt
756 895 825 972 Cos,
848 894 974 974 Cnidus,
997 893 1233 972 Halicarnasus,
1255 899 1319 958 tres
1341 894 1375 956 in

206 1003 321 1068 Rhodo
344 1004 449 1067 insula
471 1001 608 1066 urbesffl.

172 1155 186 1182 *
253 1153 281 1210 2.
326 1146 374 1209 Ila
402 1145 523 1209 aetate¹
546 1144 742 1229 Lycurgus
765 1144 1043 1222 Lacedaemonius,
1070 1145 1120 1208 vir
1142 1145 1265 1228 generis
1288 1143 1377 1228 regii,
1459 1129 1462 1134 ¹

206 1252 276 1330 ibit,
315 1251 581 1316 severissimorum
616 1249 944 1334 justissimarumque²
984 1251 1092 1336 legum
1130 1256 1251 1329 auctor,
1289 1253 1377 1334 cujus

207 1357 401 1442 temporibus
418 1357 513 1421 etiam
528 1357 687 1421 Homerus
710 1356 807 1420 fuisse
829 1354 991 1420 traditurl.
1029 1357 1075 1420 At
1097 1361 1241 1441 tempora
1264 1359 1378 1421 summi

156 1474 188 1528 10
206 1465 302 1548 hujus
325 1469 438 1547 poetae
460 1465 580 1528 incerta
603 1468 684 1528 sunt.
731 1463 818 1541 Sunt,
843 1463 898 1546 qui
921 1486 992 1528 eum
1014 1468 1172 1528 recentem
1191 1488 1211 1528 a
1226 1464 1377 1548 Tyndari-

208 1571 319 1634 darum
352 1569 475 1635 aetate⁶
507 1571 604 1635 fuisse
635 1574 756 1653 putent.
801 1570 908 1634 Etiam
940 1571 977 1634 de
1008 1571 1114 1654 patria
1146 1573 1211 1654 ejus
1244 1572 1378 1634 maxime

209 1677 383 1741 dissensum
407 1676 483 1743 esrss.
528 1677 621 1753 Nam,
645 1681 681 1740 ut
705 1677 874 1759 aitpoeta,

255 1783 377 1870 Septem
399 1785 488 1848 urbes
513 1794 625 1847 certant
647 1786 682 1846 de
705 1785 796 1868 stirpe
818 1786 951 1867 insignis
974 1783 1117 1847 Homeri:

255 1889 395 1974 Smyrna,
419 1891 557 1964 Rhodos,
595 1889 756 1976 Colophon,
787 1889 931 1964 Salamis,
966 1889 1065 1966 Chios,
1096 1893 1209 1977 Arpos,
1234 1893 1378 1956 Athenae.

158 2011 189 2061 15
208 1997 371 2081 Lycurgus
400 1999 541 2081 quidem,
569 1997 685 2081 quippe
714 1997 787 2081 qui⁷
815 1999 935 2062 animos
963 2021 1128 2082 moresque
1156 1999 1291 2063 civium⁸
1314 2005 1380 2063 arte

208 2103 349 2168 musioa⁹
377 2106 497 2189 erigere
526 2105 678 2183 studeret,
709 2105 829 2188 primus
857 2107 995 2170 carmina
1022 2105 1155 2170 Homeri
1186 2107 1311 2192 integra
1343 2129 1381 2170 ex

208 2213 299 2277 lunia
321 2213 355 2276 in
377 2211 516 2296 patriam
539 2212 682 2276 attulisse
706 2213 827 2278 dicitur.

298 2319 459 2403 Lycurgus
488 2339 561 2382 cum
588 2319 680 2382 fratri
707 2317 799 2382 suo²⁰
826 2320 1029 2402 Polydectae,
1053 2320 1283 2404 Spartanorum
1305 2325 1382 2404 regi,

210 2425 411 2489 successisset
442 2447 638 2509 regnumque
670 2425 731 2489 sibi
761 2425 919 2489 vindicare
950 2427 1118 2510 potuisset,
1147 2427 1297 2505 Charilai,
1325 2449 1382 2510 po-

157 2543 192 2596 20
211 2532 307 2595 stumi
338 2531 424 2594 illius
456 2531 527 2609 filii,
559 2532 692 2596 tutelam
720 2533 819 2616 gessit
845 2533 994 2616 legesque
1022 2533 1276 2599 Lacedaemoniis
1309 2558 1382 2600 con-

211 2638 321 2702 stituit.
367 2638 489 2721 Regem
520 2659 583 2701 non
616 2639 816 2721 deligendum
849 2639 981 2718 duxitss,
1011 2641 1066 2704 scd
1099 2663 1171 2706 eum
1202 2642 1381 2706 habendum

211 2743 451 2829 (qualiscunque
486 2745 513 2808 is
545 2744 653 2830 foret),
686 2746 741 2828 qui
767 2747 861 2810 modo
890 2751 971 2811 esset
993 2747 1140 2812 Herculis
1168 2749 1265 2832 stirpe
1292 2771 1382 2834 gene-

210 2857 305 2916 ratus.
355 2850 672 2915 Administrationem
710 2853 756 2916 rei
793 2853 937 2935 publicae
974 2876 1032 2938 per
1071 2854 1229 2920 ordines1²
1269 2857 1382 2920 divisit.

210 2957 352 3042 Regibus
367 2963 558 3040 potestatem
581 2957 739 3022 bellorum
762 2964 792 3023 et
812 2959 1045 3043 judiciorumlss,
1069 2961 1191 3026 senatui
1207 2963 1382 3027 custodiam

158 3076 191 3127 25
211 3062 362 3149 legum14,
385 3065 503 3148 populo
527 3065 712 3149 sublegendi
735 3071 878 3130 senatum
893 3067 1118 3150 potestatem²⁶
1133 3069 1283 3151 permisit.
1323 3067 1382 3133 (te-

211 3169 353 3235 rontas²⁶
384 3171 522 3235 instituit
550 3171 702 3250 XXVIII,
729 3195 824 3256 penes
853 3195 931 3257 quos
960 3197 1116 3238 summam
1139 3175 1261 3240 consilii
1283 3175 1385 3240 voluit

211 3277 321 3356 esse27,
343 3277 448 3342 cum18
465 3277 589 3360 imperii
605 3279 793 3342 summam1⁹
808 3301 862 3342 rex
876 3284 1004 3346 teneret.
1036 3281 1161 3360 Postea,
1177 3281 1383 3366 Theopompo

211 3389 376 3469 regnante,
409 3385 548 3468 quinque
582 3385 693 3468 ephori
724 3391 832 3450 contra
859 3387 923 3450 vim
949 3388 1071 3472 regiam
1105 3390 1268 3453 constituti
1300 3395 1383 3467 sunt,

212 3492 326 3574 quibus
350 3491 497 3556 annnis²⁰
520 3493 757 3577 magistratibus
778 3493 897 3576 judicia
920 3495 1087 3558 commissa
1110 3500 1192 3561 sunt.

160 3661 194 3714 30
260 3659 287 3716 3.
333 3652 573 3718 Lacedaemonii
606 3654 643 3717 de
674 3654 768 3718 rebus
799 3655 972 3738 majoribus
1005 3677 1130 3739 semper
1162 3660 1217 3720 aut
1250 3657 1385 3741 Delphis

212 3759 386 3837 oraculum,
419 3763 474 3823 aut
501 3759 541 3824 eb
565 3759 743 3825 Hammone
771 3765 826 3826 aut
849 3785 867 3825 a
889 3761 1026 3827 Dodona
1048 3763 1227 3845 petebant1.
1272 3763 1385 3848 Itaque

210 3864 386 3950 Lycurgus,
422 3887 493 3930 cum
524 3866 843 3932 Lacedaemoniorum
875 3891 942 3932 rem
973 3869 1136 3951 publicam
1167 3869 1385 3954 temperaret²,

211 3972 300 4056 leges
333 3995 405 4036 suas
439 3973 627 4038 auctoritate
654 3974 813 4057 Apollinis
840 3975 989 4058 Delphici
1021 3977 1230 4044 confirmavit.
1276 3976 1384 4061 Popu-

211 4079 278 4143 lum
310 4081 343 4144 in
376 4079 529 4163 obsequie
561 4081 765 4164 principuml,
797 4083 953 4166 principes
986 4084 1026 4148 ad
1052 4084 1209 4167 justitiam
1235 4084 1384 4168 imperio-

158 4195 192 4246 35
211 4185 301 4249 rum⁸
332 4187 489 4251 formavit.
536 4187 766 4253 Parsimoniam
798 4191 944 4254 omnibus
976 4191 1092 4269 suasit,
1115 4191 1310 4270 existimans,
1339 4193 1385 4256 la-

210 4293 319 4357 borem
360 4293 493 4358 militiae
537 4295 662 4360 assidua
696 4296 891 4380 frugalitatis
928 4297 1174 4364 consuetudine4
1210 4299 1384 4364 faciliorem

177 4408 190 4434 ⁴*
211 4400 286 4464 fore.
329 4400 402 4464 Emi
425 4424 476 4465 res
500 4403 539 4465 ad
562 4401 660 4466 vitam
682 4405 893 4469 necessariasl
915 4426 978 4469 non
1000 4407 1138 4489 pecunia
1161 4407 1215 4470 sed
1238 4428 1385 4489 compen-
