3092 4938
695 244 736 304 59

128 433 223 498 agros
239 413 423 497 depopulati
437 413 610 480 Messenios
625 415 658 479 in
673 414 852 481 libertatem
875 414 1044 492 vindicant,
1066 412 1169 497 ipsam
1189 413 1301 480 urbem

126 519 277 603 Spartam
303 520 539 606 aggrediuntur.
591 520 670 586 Oum
695 521 930 606 Epaminondae
957 519 1105 605 Spartam
1137 540 1301 605 oppugna·

126 629 177 690 ret
201 629 347 711 essetque
374 626 441 692 sine
467 628 566 693 muris
593 629 758 714 oppidum,
785 629 988 716 Agesilaus
1014 627 1112 692 talem
1139 647 1173 691 ss
1202 625 1301 709 impe·

124 735 266 797 retorem
292 732 471 819 praebuit⁸,
497 739 594 800 uteo
617 739 759 819 tempore
782 736 930 800 omnibus
952 736 1134 820 appareret,
1160 731 1222 797 nisi
1244 732 1300 798 ille

125 837 249 918 fuisset,
270 838 421 922 Spartam
434 839 574 906 futuram
590 863 654 907 non
668 841 794 908 luisse⁹.
839 842 877 908 ln
892 863 955 927 quo
971 841 1099 927 quidem
1121 838 1335 906 discriminet

124 945 271 1010 aderitus
294 946 361 1031 ejus
384 945 543 1012 consilii¹⁰
565 948 744 1016 0010111011
766 948 929 1014 universis.
967 946 1148 1014 Nemeum
1171 945 1300 1030 qnidam

123 1052 355 1118 adulescentuli
391 1054 532 1119 hostium
569 1056 703 1122 adventu
734 1057 895 1141 perterriti
926 1056 966 1121 ad
997 1055 1166 1120 Thebanos
1196 1057 1299 1120 tuens-

123 1159 239 1244 fugere
264 1159 382 1224 vehent
410 1163 442 1226 et
468 1161 574 1228 locum
601 1166 690 1228 extra
715 1163 826 1228 urbem
849 1163 968 1228 editum
990 1161 1159 1246 cepissent,
1187 1159 1299 1244 Agesi-

122 1267 206 1345 laus,
221 1265 277 1350 qui
291 1266 590 1349 perniciosissimum
604 1268 672 1333 fore
686 1268 850 1349 rideret¹²,
865 1269 893 1333 si
908 1267 1160 1333 animadversum
1174 1265 1299 1345 0000111,

123 1394 318 1456 quemquam
341 1374 382 1438 ad
402 1363 509 1439 1100100
532 1375 732 1460 transfugere
755 1375 876 1454 conari,
899 1397 972 1440 cum
993 1375 1059 1440 suis
1081 1395 1120 1440 eo
1143 1372 1230 1438 venit
1252 1377 1299 1438 at·
1319 1384 1351 1441 10

123 1501 201 1564 que,
231 1484 269 1543 ut
295 1479 324 1543 si
350 1479 435 1544 bono
463 1479 567 1544 animo
594 1480 790 1568 sociassem,
820 1482 962 1547 laudavit
988 1481 1155 1547 eonsilium
1182 1501 1299 1558 eorum,

122 1587 212 1670 quod
243 1608 315 1652 enm
342 1585 446 1650 locum
474 1592 691 1670 occupassent;
723 1589 756 1652 id
783 1610 817 1652 se
843 1610 970 1673 quoque
996 1588 1066 1653 fieri
1092 1587 1205 1652 debere
1232 1587 1298 1652 ani-

122 1693 339 1759 madvertisse.
384 1693 436 1758 Sic
468 1694 683 1759 adulescentes
715 1695 864 1760 simulata
894 1695 1076 1760 laudatione
1102 1693 1299 1776 recuperavit

122 1807 155 1865 01
182 1799 373 1884 adjunctis²⁴
400 1801 439 1865 de
465 1801 530 1866 suis
559 1802 727 1867 comitibus
755 1803 862 1867 locum
888 1807 994 1868 tutum
1016 1801 1154 1886 reliquit.
1199 1797 1297 1864 Nam-

121 1929 186 1991 que
200 1907 251 1972 illi
266 1907 351 1972 aucti
373 1929 503 1972 numero
526 1929 644 1987 eorum,
668 1909 723 1992 qui
746 1913 888 1992 expertes
911 1915 1000 1974 erant
1023 1905 1188 1986 consilii²⁶,
1211 1917 1350 1972 com-15

120 2036 250 2079 movere
278 2036 312 2078 se
338 2036 402 2079 non
428 2020 503 2080 sunt
530 2015 599 2081 ausi
621 2037 722 2100 eoque
745 2016 909 2094 libentius,
937 2017 1021 2100 quod
1043 2017 1142 2080 lutere
1164 2015 1297 2080 arbitra·

120 2121 248 2200 bantur,
271 2143 353 2206 quae
376 2120 633 2210 cogitaverantffl.

169 2285 220 2346 15.
266 2280 413 2346 Subsidio
428 2279 682 2346 Lacedaemoniis
702 2281 789 2346 venit
803 2281 1045 2347 Atheniensium
1067 2303 1179 2345 manus
1195 2280 1295 2364 Iphi-

9 2441 10 2446 ,
120 2391 227 2452 crate
255 2389 346 2465 duce,
374 2387 428 2470 qui
454 2387 691 2487 Epaminondae
718 2388 873 2472 impetum
899 2388 1079 2454 retardavit.
1123 2387 1209 2453 Nam
1234 2387 1296 2452 nisi

120 2495 192 2578 ejus
214 2494 367 2558 adventus
391 2494 683 2578 appropinquasset,
710 2517 776 2560 non
803 2495 890 2578 prius
912 2495 1058 2560 'l'hebani
1081 2494 1197 2577 Sparta
1223 2495 1295 2558 abs-
1313 2509 1348 2564 20

120 2599 298 2678 cessissent
322 2622 417 2684 quam
441 2605 562 2685 captam
584 2601 729 2666 incendio
752 2601 937 2667 delessent&

212 2707 258 2771 At
280 2707 516 2790 Epaminondas
544 2707 718 2791 imperator
746 2730 818 2772 cum
843 2708 986 2794 collegis,
1013 2707 1114 2793 quosl
1137 2709 1216 2774 duos
1238 2708 1295 2772 he·

119 2813 229 2891 habat,
258 2835 391 2898 quorum
419 2813 501 2880 alter
529 2817 597 2878 erat
619 2813 803 2898 Pelopidas,
831 2814 1016 2880 criminibus
1043 2815 1296 2881 adversariorum

119 2919 153 2984 in
179 2919 357 3004 periculum
385 2920 497 3003 eapitis
528 2921 680 2985 adductus
704 2926 759 2986 est.
804 2921 983 2987 Nemeum
1005 2922 1131 3007 imperii
1151 2926 1295 3007 tempore

120 3033 232 3092 exacto
255 3027 290 3090 in
313 3049 422 3092 eorum
445 3027 551 3092 locum
575 3027 630 3092 alii
653 3033 814 3111 praetores
839 3029 936 3093 creati
959 3035 1076 3108 essent,
1100 3029 1294 3113 Epaminon·
1313 3041 1347 3095 25

120 3135 176 3198 das
213 3133 325 3218 populi
357 3133 436 3198 scito
469 3155 533 3197 non
563 3133 684 3217 paruit,
721 3133 868 3219 idemque
900 3139 937 3198 ut
968 3135 1108 3202 facerent
1139 3136 1295 3218 persuasit

120 3241 262 3326 collegis,
285 3245 317 3305 et
338 3240 468 3319 bellum,
490 3241 575 3324 quod
590 3246 779 3325 susceperat,
802 3239 929 3326 gessit³.
966 3241 1052 3307 Nam
1066 3242 1294 3310 animadverte-

121 3348 183 3427 bat,
204 3347 267 3412 nisi
289 3347 322 3411 id
344 3346 498 3426 fecisset⁴,
519 3351 623 3414 totum
640 3346 811 3412 exercitum
831 3353 962 3432 propter
976 3352 1159 3430 praetorum
1173 3347 1293 3430 impru-

121 3455 258 3519 dentiam
283 3453 504 3538 inscitiamque
531 3453 610 3518 belli
636 3453 819 3538 periturum.
865 3453 929 3520 Lex
956 3459 1026 3519 erat
1054 3453 1186 3531 Thebis,
1213 3474 1293 3537 quae

120 3566 220 3626 morte
243 3561 409 3638 multabat,
431 3560 459 3625 si
481 3561 552 3644 quis
575 3560 742 3645 imperium
765 3560 883 3626 diutius
898 3561 1087 3640 retinuisset,
1110 3582 1207 3645 quam
1221 3560 1294 3646 lege
1311 3572 1346 3628 30

121 3667 321 3750 praefinitum
348 3666 458 3732 essetl.
505 3666 597 3732 Hanc
619 3666 856 3751 Epaminondas
884 3689 957 3731 oum
980 3667 1195 3750 reipublicae
1218 3689 1293 3732 con·

121 3775 289 3838 servandae
317 3795 411 3838 causa
438 3775 537 3838 latam
560 3774 693 3854 videret,
720 3776 761 3839 ad
783 3773 952 3858 perniciem
976 3773 1114 3839 evitatis
1135 3771 1294 3840 00010101Β

121 3881 221 3946 noluit
251 3884 283 3944 et
315 3883 467 3964 quattuor
498 3881 679 3946 mensibns⁷
707 3881 833 3961 diutius,
862 3902 957 3965 quam
985 3881 1122 3965 populus
1146 3882 1293 3964 jusserat,

120 3987 218 4070 gessit
240 3987 417 4074 imperium.

163 4153 215 4214 16.
261 4147 437 4231 Postquam
464 4148 593 4212 domum
619 4147 755 4214 reditum
785 4145 866 4227 est¹,
893 4147 1035 4234 collegae
1059 4147 1127 4231 ejus
1148 4147 1210 4211 hoo
1233 4147 1292 4212 ori-
1311 4154 1344 4209 35

121 4253 201 4318 mine
230 4254 465 4320 accusabantur.
517 4251 638 4330 Quibus
665 4253 720 4318 ille
747 4253 899 4337 permisit,
927 4253 985 4319 ut⁹
1013 4275 1139 4318 omnem
1164 4275 1293 4320 causam

123 4359 153 4422 in
179 4382 214 4425 se
240 4361 461 4439 transferrent,
489 4383 610 4444 suaque
637 4381 732 4444 opere
758 4361 880 4425 facum
904 4361 1143 4438 contenderent,
1169 4363 1206 4424 ut
1227 4360 1292 4444 legi
