3092 4938
655 276 696 336 51

94 448 259 529 niensium,
279 449 313 514 in
335 469 469 534 regnum
490 448 642 523 restituitr
675 447 790 516 Cotum
811 473 919 538 regem
942 451 1032 534 vioit,
1061 457 1115 522 sed
1137 456 1261 524 foedere

90 556 196 638 juncto
220 555 287 640 ejus
309 555 409 621 filiam
431 554 466 620 in
486 554 723 620 matrimonium
745 557 844 624 duxit

135 757 163 816 3.
209 750 284 816 Fuit
311 755 418 816 autem
445 754 477 816 et
504 749 608 816 animo
635 771 752 838 magno
782 756 815 817 et
841 774 972 838 oomore
994 753 1260 842 imperatoriaque

90 857 227 938 forma²‚
263 862 300 924 ut
335 855 424 942 ipso'
461 860 591 941 aspectu
622 858 722 923 ouivis
754 858 898 943 injiceret
929 859 1169 928 admirationem
1201 860 1258 942 sni,

90 966 189 1031 bonus
217 965 295 1031 nivis
321 965 445 1050 fideque
471 963 616 1050 magna1.
661 963 754 1042 'Quod
776 988 847 1032 oum
871 967 905 1032 in
927 967 997 1034 aliis
1019 968 1132 1035 rebus⁸
1155 966 1293 1037 decla-5

87 1073 179 1154 ravit,
201 1077 271 1138 tum
292 1071 429 1138 maxime
450 1073 485 1138 in
499 1071 658 1158 Amyntae
673 1073 854 1140 Macedonis
876 1073 985 1140 liberis
1004 1073 1137 1142 tuendis.
1172 1075 1257 1142 Nam

87 1179 258 1265 Eurydice,
284 1183 384 1244 mater
406 1178 574 1246 Perdiooaa
601 1183 634 1244 et
656 1178 811 1265 Philippi,
838 1203 911 1245 oum
932 1181 983 1246 his
1006 1179 1129 1247 duobus
1151 1177 1256 1266 pueris

87 1285 228 1372 Amynta
263 1290 389 1352 mortuo
428 1286 468 1350 ad
498 1283 690 1371 iphicratem
721 1277 866 1372 confugit
896 1287 1027 1372 ejusque
1059 1279 1172 1374 opibus
1204 1289 1256 1356 de·

87 1393 175 1458 fensa
197 1391 273 1459 esth
311 1393 402 1458 Vixit
424 1393 464 1458 ad
487 1395 681 1458 senectutem
702 1393 836 1478 placatis
859 1393 893 1458 in
916 1391 970 1459 se⁶
992 1417 1121 1461 suorum
1142 1395 1256 1462 nivium

87 1499 208 1566 animis.
1276 1514 1310 1571 1⁰

564 1627 776 1634 ------—---

172 1765 279 1832 Dum⁰
310 1767 366 1830 illa
397 1766 438 1830 ad
465 1765 652 1832 Corinthum
678 1770 846 1852 geruntur,
877 1765 1073 1833 Artaxerxes
1096 1790 1152 1834 rex
1180 1767 1254 1835 Per·

84 1895 191 1940 sarum
215 1895 287 1940 oum
309 1872 515 1939 Antaloida
529 1872 776 1939 Lacedaemonio
798 1871 923 1960 legatos
945 1873 980 1938 in
995 1871 1158 1941 Graeciam
1179 1876 1253 1942 mit-

83 1981 134 2060 tit,
167 2002 227 2065 per
258 2001 352 2065 quos,
381 1979 634 2046 Lacedaemoniis
665 1980 873 2066 probantibus
901 1986 997 2066 atque
1023 1981 1253 2066 adjuvantibus,

79 2088 171 2170 jubet
198 2109 308 2154 omnes
336 2088 377 2152 ah
403 2087 499 2152 armis
527 2087 698 2164 diseedere3
730 2087 786 2172 qui
812 2087 905 2152 aliter
931 2085 1088 2167 feoisset⁷‚
1120 2111 1192 2154 eum
1218 2111 1252 2154 se

81 2217 137 2278 pro
167 2194 262 2260 hoste
283 2193 499 2272 habiturnm⁸;
531 2193 711 2260 civitatibus
732 2193 913 2258 libertatem
935 2214 1052 2278 suaque
1075 2195 1181 2259 omnia
1201 2217 1251 2260 re·
1271 2207 1304 2261 15

81 2302 240 2368 stitnenda
262 2323 338 2366 esse.
382 2300 471 2366 Fessi
492 2305 542 2366 tot
563 2301 657 2366 bellis
680 2300 790 2367 Graeci
813 2299 925 2383 cupide
946 2305 1130 2386 paruerunt3
1154 2299 1251 2394 (irae-

81 2429 133 2474 oae
155 2408 192 2472 in
217 2405 314 2473 Asia⁰
335 2407 478 2474 civitates
502 2407 643 2473 desertae
665 2406 769 2475 Persis
791 2407 983 2492 produntur,
1005 2405 1250 2473 Atheniensibus

80 2513 231 2592 hammus,
261 2513 401 2593 Imbros,
431 2513 548 2599 Scyrus
579 2513 700 2578 insulae
728 2513 927 2592 addicuntur,
960 2515 1080 2580 oeterae
1108 2515 1250 2580 civitates

80 2625 109 2686 et
130 2619 258 2686 insulae
280 2621 329 2685 sui
348 2620 429 2704 juris
451 2617 575 2685 fiunt¹⁰.

168 2727 283 2812 Itaque
321 2727 430 2792 eodem
467 2726 533 2792 fere
569 2730 711 2810 tempore
742 2725 776 2789 in
807 2723 940 2792 Graecia
970 2747 1033 2811 pax
1064 2723 1249 2792 Antaleidea
1268 2739 1302 2794 20

79 2833 247 2900 conciliata
270 2833 372 2919 (387),
399 2832 432 2896 in
454 2831 548 2898 Italia
574 2832 650 2897 urbs
672 2831 775 2896 Roma
797 2855 816 2896 a
838 2830 939 2898 Gallis
962 2836 1055 2916 oapta
1077 2835 1125 2897 est
1147 2832 1247 2918 (389).

285 3154 338 3220 14.
384 3152 573 3238 Pelopidas
596 3153 634 3220 et
656 3149 927 3236 Epaminondas.
952 3149 1043 3236 (III)

451 3293 625 3381 (Chabrias.
670 3293 876 3377 Timotheus.)

121 3447 150 3508 1.
196 3439 448 3518 Lacedaemonii,
474 3439 559 3524 regis
581 3435 749 3503 Persarum
777 3455 873 3520 opera
895 3425 1137 3500 et'auctorieaee
1158 3435 1247 3500 velut

76 3549 204 3632 patroni
236 3547 386 3614 Graeciae
425 3545 602 3623 constituti,
639 3541 796 3609 libertatis
834 3541 996 3607 civitatum
1034 3539 1245 3608 defendendae
1263 3553 1297 3608 25

77 3655 179 3739 speeie
206 3655 437 3720 insidiabantur
464 3655 522 3732 eis,
549 3652 605 3737 qui
631 3652 772 3736 ipsorum
800 3649 931 3734 imperio
954 3647 1080 3713 obstare
1102 3649 1245 3716 videren-

76 3765 136 3827 tur.
190 3762 387 3828 Mantineam
417 3760 578 3826 Arcadum
614 3758 726 3825 urbem
763 3760 946 3840 expugnant
977 3758 1073 3840 atque
1105 3756 1245 3834 diruunt3

76 3870 161 3935 eires
183 3870 218 3934 in
241 3872 391 3953 quattuor
413 3867 500 3932 vicos
524 3865 700 3950 demigrare
723 3867 847 3949 cogunt.
885 3859 1031 3926 Plataeas
1051 3862 1137 3927 bello
1152 3863 1244 3928 Pelo·

78 3977 268 4062 ponnasiaoo
301 3975 434 4054 dirutas,
465 3974 577 4038 urbem
608 3976 641 4036 et
666 3967 913 4036 Atheniensibus
946 3971 976 4032 et
1004 3967 1163 4033 Thebanis
1195 3971 1243 4033 in-

77 4089 203 4165 testam,
230 4071 409 4150 restituunt.
454 4079 643 4166 Olynthum,
666 4076 859 4142 Chalcidicos
882 4074 1049 4153 civitatem,
1072 4080 1103 4140 et
1125 4075 1189 4140 suis
1213 4080 1276 4140 et*

76 4194 232 4258 sociorum
265 4191 378 4275 opibus
411 4192 600 4254 oreroentem
628 4184 781 4250 obsident.
831 4181 1010 4247 Phoebidas
1037 4180 1242 4246 Lacedaemo-

76 4300 147 4364 nius
185 4321 256 4364 oum
289 4297 459 4362 exereitum
491 4293 667 4379 Olynthum
699 4292 826 4356 duceret
857 4289 979 4374 iterque
1010 4285 1084 4370 per¹
1117 4286 1242 4353 Thebas

76 4405 205 4483 faceret,
232 4425 336 4470 arcem
364 4401 500 4510 oppidi,
513 4422 594 4486 quae
618 4398 754 4464 Cadmea
775 4396 970 4472 nominatur,
998 4394 1161 4476 occupavit
1183 4395 1241 4459 im-

1047 4498 1064 4550 4
1069 4496 1083 4526 Ι
