3074 4934
807 202 847 262 88

246 366 403 445 succedat,
430 367 564 437 obsessis
592 371 741 438 alimenta
769 395 807 438 ex
833 373 933 457 ipsius
960 375 1147 441 urbis·sclo
1175 376 1423 444 subministren-

245 475 307 540 tur.
353 472 529 557 euphrates
556 479 723 559 interfluit,
753 480 787 544 in
815 501 851 545 eo
878 501 959 564 pons
987 486 1036 547 est
1062 481 1214 565 lapideus.
1260 483 1331 550 Arx
1357 485 1424 551 XX

245 579 347 644 stadia
368 580 402 646 in
423 581 558 650 circuitu
580 585 812 670 complectitur;
835 587 927 652 XXX
948 587 1063 672 pedcs⁸
1084 588 1119 654 in
1141 594 1260 654 terram
1282 592 1423 657 tun-ium

245 685 449 754 fvmdamcnta
481 692 616 758 demmsa
646 690 767 774 sunt¹⁰,
798 695 839 758 ad
865 693 1017 760 ΙιΧΧΧ11
1045 717 1206 760 summum
1232 697 1424 764 munimenti

210 790 409 880 bfastigium
430 799 582 880 pervenit
626 799 727 883 Super
749 821 863 880 arcam,
885 800 1087 886 vulgatum¹²
1111 784 1306 868 Graecorum
1328 803 1425 870 fabu-

246 898 286 964 lis
307 901 510 984 miraculum,
536 902 707 990 pensilcs¹8
729 906 816 971 horti
837 911 921 986 sunt,
943 929 1100 973 summam
1122 930 1287 974 murorum
1310 910 1423 976 altitu-

247 1004 351 1072 dinem
374 1011 844 1097 aequantes1⁴,multan1mque
867 1014 1016 1080 arborum
1040 1015 1153 1081 umbra
1175 1020 1207 1081 et
1228 1019 1426 1102 proceritate

247 1115 377 1180 amoeni.
408 1114 499 1182 Saxis
505 1118 534 1156 ¹⁶
542 1121 635 1202 pilae,
651 1141 732 1203 quae
746 1125 852 1185 totum
866 1142 946 1186 onus
960 1121 1126 1201 sustinent,
1142 1127 1324 1188 exstructae
1339 1131 1427 1204 sunt,

247 1240 342 1302 super
367 1221 448 1306 pilus
476 1225 579 1308 lapide
607 1227 760 1309 quadrato
788 1226 891 1291 solum
918 1231 1053 1292 stratum
1081 1234 1144 1306 est,
1169 1233 1256 1294 terra
1283 1231 1353 1295 alta
1374 1231 1426 1294 in·

195 1334 229 1391 10
245 1325 338 1408 jecta,
361 1350 457 1412 quam
471 1331 613 1416 irrigant.
659 1331 780 1398 Urbem
796 1333 976 1399 Semiramis
999 1334 1147 1414 condidit,
1169 1357 1243 1415 non,
1266 1343 1305 1402 ut
1327 1339 1426 1422 pleri·

249 1454 310 1516 que
332 1434 539 1518 credidcnmt,
561 1439 667 1518 Belus,
690 1441 780 1524 cujus
803 1439 926 1525 regia1⁶
949 1441 1133 1506 ostenditur.

214 1602 230 1632 ⁴*
294 1599 345 1662 31.
389 1595 517 1664 Diutius
539 1600 574 1664 in
595 1600 656 1664 hac
679 1600 764 1678 urbe,
784 1622 880 1684 quam
895 1623 1039 1684 usquam,
1062 1608 1277 1668 commoratus
1295 1611 1344 1670 est
1358 1628 1427 1685 rex,

248 1722 306 1766 nec
333 1702 437 1768 ullus1
459 1705 548 1772 locus
571 1705 754 1789 disciplinae
777 1707 908 1772 militari
929 1708 1033 1793 magis
1056 1709 1172 1774 nocuit.
1217 1709 1313 1776 Nihil
1335 1711 1428 1778 urbis

215 1808 317 1892 *ejus
354 1810 515 1876 moribus2
552 1813 745 1895 corruptius,
782 1813 863 1878 nibil
900 1813 940 1878 ad
976 1813 1144 1880 irritandas
1182 1815 1429 1901 illiciendosque

197 1925 230 1980 15
250 1916 439 2000 cupiditates
476 1917 688 1986 instructius³.
742 1920 805 1986 Sed
842 1919 926 2004 quo4
961 1921 1066 1986 minus
1098 1923 1253 1988 damnum
1284 1924 1430 2005 sentiret,

249 2022 419 2090 identidem
451 2027 670 2111 supplemento
698 2027 908 2093 renovabatur
935 2028 1098 2093 exercitus.
1149 2029 1239 2094 Tunc
1266 2030 1429 2114 Amyntas

250 2132 291 2196 ab
319 2133 490 2218 Antipatro
513 2133 723 2198 Macedonum
750 2134 892 2217 peditum
914 2132 960 2199 Vl
986 2133 1077 2200 milia
1104 2125 1250 2214 adduxit,
1277 2136 1308 2202 D
1332 2159 1429 2220 prae·

214 2256 230 2289 *
248 2241 335 2305 terea
363 2243 502 2327 ejusdem
529 2241 635 2329 gentis
663 2241 798 2326 equites,
826 2263 898 2306 cum
924 2241 975 2306 his
1003 2240 1059 2308 Dc
1083 2240 1237 2322 Thracas,
1265 2243 1429 2327 adjunctis

249 2348 407 2431 peditibus
444 2348 492 2415 ΠΙ
529 2349 658 2416 milibus
689 2349 728 2414 D.
782 2349 826 2414 Et
863 2371 901 2412 ex
933 2348 1153 2431 Peloponneso
1190 2351 1431 2416 mercennarius

216 2468 231 2498 *
249 2454 375 2532 miles⁶,
406 2457 447 2520 ad
473 2455 518 2520 IV
551 2455 652 2534 milia,
684 2456 853 2520 advenerat
880 2477 951 2520 cum
978 2453 1228 2521 DOCOCLXXX
1255 2456 1430 2540 equitibus.

250 2561 358 2627 Idem⁶
394 2562 550 2647 Amyntas
589 2562 761 2626 adduxerat
791 2561 816 2626 L
855 2561 1033 2644 principum
1064 2561 1268 2627 Macedoniae
1305 2563 1432 2630 liberos

252 2670 377 2734 adultos
400 2671 441 2734 ad
464 2667 638 2734 custodiam
661 2668 809 2752 corporis.

218 2841 233 2875 ²*
298 2837 350 2896 32.
395 2828 501 2894 Aucto
526 2827 665 2893 exercitu
680 2829 775 2895 Susa
797 2828 957 2912 profectus
980 2833 1037 2894 est.
1080 2827 1159 2893 Cum
1181 2828 1293 2894 urbem
1316 2829 1432 2911 adnet,

252 2937 402 3004 Abulltes
430 2935 571 3022 regionis
598 2935 666 3020 ejus
692 2935 870 3020 praefectus
893 2957 966 3000 cum
988 2934 1079 3000 donis
1102 2934 1220 3020 regalis
1243 2934 1432 3017 opulentiae

200 3055 234 3110 25
254 3045 282 3110 ei
305 3043 450 3110 occurrit.
495 3042 672 3108 Dromtdes
700 3041 811 3106 cameli
837 3043 920 3107 inter
943 3043 1026 3106 dona
1049 3045 1137 3108 erant
1158 3041 1336 3107 velocitatis
1360 3044 1432 3107 exi-

251 3151 367 3230 miae¹,
393 3151 455 3218 XII
482 3149 642 3233 elephanti
665 3149 803 3215 aDario
827 3172 866 3214 ex
888 3149 979 3214 India
1001 3149 1100 3215 acciti
1146 3148 1194 3214 Ut
1208 3170 1290 3213 vero
1313 3149 1432 3214 urbem

219 3259 396 3338 *intravit
423 3280 573 3345 magnam
600 3280 638 3322 ex
659 3257 820 3322 thesauris·
837 3255 1023 3341 pecuniam²
1046 3256 1170 3342 egessit.
1215 3255 1312 3322 Multi
1334 3279 1432 3341 reges

252 3372 357 3434 tantas
388 3389 464 3450 opes
495 3367 594 3450 longa
621 3368 723 3430 aetate
751 3364 988 3429 cumulaverant
1014 3363 1121 3429 liberis
1148 3362 1359 3448 posterisque,
1393 3370 1433 3430 ut

218 3472 503 3552 *arbitrabantun
535 3471 633 3556 quas8
661 3494 725 3537 una
755 3471 835 3536 hora
860 3469 895 3535 in
922 3470 1043 3535 externi
1064 3469 1149 3555 regis
1172 3492 1285 3536 manus
1307 3470 1431 3537 intulit.

202 3589 237 3644 30
345 3578 466 3644 Deinde
494 3579 616 3664 quartis
643 3575 774 3643 castris⁴
800 3577 944 3662 pervenit
971 3578 1011 3642 ad
1033 3577 1258 3662 Pasitigrim
1284 3576 1432 3646 fluvium.

219 3697 234 3726 *
254 3684 374 3752 Divisis
406 3686 503 3770 copiis
530 3685 769 3750 Parmenionem
801 3683 969 3767 campestri
994 3684 1107 3748 itinere
1132 3684 1301 3766 procedere
1325 3684 1433 3768 jubet,

254 3794 322 3878 ipsc
360 3815 432 3857 cum
470 3790 635 3876 expedit0⁶
667 3790 793 3876 agmine
821 3791 935 3876 jugum
966 3791 1123 3856 montium
1154 3791 1253 3874 capit,
1291 3813 1432 3875 quorum

255 3904 444 3986 perpetuum
471 3901 598 3964 dorsum
625 3899 658 3963 in
680 3898 872 3964 Persidem
899 3898 1045 3964 excurrit.
1090 3896 1161 3962 Hac
1188 3897 1276 3962 omni
1297 3898 1433 3982 regione

256 4006 381 4073 vastata
413 4005 524 4090 quinto
557 4005 607 4070 die
639 4003 817 4090 angustias,
849 4027 927 4088 quas
954 4003 1003 4068 illi
1030 4003 1159 4069 Susidas
1186 4003 1277 4087 pylas
1304 4010 1434 4084 vocant,

204 4123 239 4178 35
258 4115 364 4180 intrat.
402 4113 486 4179 Fuso
501 4111 726 4190 Ariobarzane,
748 4112 803 4196 qui
826 4134 879 4176 eas
901 4110 1064 4197 angustias
1086 4110 1212 4176 fortiter
1232 4110 1433 4191 defendebat,

258 4219 455 4305 expeditum⁶
486 4219 548 4284 iter
575 4217 809 4302 Persepolim
840 4218 910 4284 fuit.
959 4217 1096 4301 Jamque
1127 4216 1212 4282 haud
1243 4217 1357 4300 procul
1390 4218 1433 4284 ab

257 4326 337 4390 urbe
361 4330 462 4405 erant,
484 4346 557 4388 cum
579 4323 758 4388 miserabile
781 4344 896 4407 agmen
917 4323 987 4409 regi
1010 4323 1155 4388 occurrit.
1193 4321 1317 4406 Captivi
1340 4329 1434 4390 erant
