3074 4934
817 242 880 302 122

268 415 440 481 Corinthiis
468 415 620 493 delectus,
646 415 845 499 tyrannidem
871 437 928 499 per
954 413 1069 480 milites
1093 413 1323 479 mercennarios
1347 435 1443 479 oceu-

268 527 375 607 passet
395 521 615 607 particepsque
636 521 727 608 regni
749 522 816 607 ipse
838 520 965 606 posset⁶
988 543 1070 600 esse,
1098 525 1223 586 tantum
1246 521 1326 586 afirit
1349 544 1367 585 a
1390 543 1443 586 so-

269 630 382 694 cietate
402 629 537 708 sceleris,
559 633 596 694 ut
611 629 725 694 civium
748 650 878 694 suorum
901 629 1081 693 libertatem
1103 628 1211 693 fratris
1234 627 1330 692 saluti
1352 632 1444 692 ante·

269 737 367 802 ferret
398 739 430 801 et
461 758 572 820 parere
603 736 728 821 legibus
756 758 850 821 quam
877 736 1032 821 imperare
1060 735 1158 801 satius
1187 736 1322 800 duceret.
1371 734 1445 799 Hac

233 847 374 918 5mente
405 842 482 928 pcr⁶
508 843 707 928 haruspicem
735 848 767 908 et
792 866 849 927 per
877 864 1075 908 communem
1101 843 1241 921 affinem,
1273 841 1325 907 cui
1352 863 1445 906 soror

270 972 308 1015 ex
323 951 441 1015 eisdem
455 950 639 1033 parentibus
661 955 736 1016 nata
758 955 858 1035 nupta
881 954 948 1015 crat
955 948 976 1028 ⁷,
998 951 1130 1014 fratrem
1151 953 1322 1033 tyrannum
1343 949 1444 1012 inter-

270 1057 438 1122 ficiendum
470 1057 619 1124 curavit&
668 1057 739 1142 lpse
771 1078 834 1122 non
867 1057 961 1122 modo
993 1078 1105 1120 manus
1136 1077 1200 1120 non
1232 1041 1354 1134 attulit,
1387 1055 1446 1119 sed

270 1187 310 1228 ne
342 1165 480 1248 aspicere
512 1165 639 1249 quidem
670 1165 846 1230 fraternum
878 1163 1064 1248 sanguinem
1096 1162 1207 1228 voluit.
1256 1161 1340 1227 Nam
1366 1161 1455 1226 dum·

270 1293 320 1336 res
358 1271 596 1351 conficereturl,
633 1273 745 1356 procul
776 1272 810 1336 in
841 1271 996 1355 praesidio
1029 1270 1102 1349 fuit,
1140 1292 1180 1334 ne
1212 1269 1283 1354 quis
1315 1269 1446 1334 satelles

218 1395 252 1450 10
270 1383 378 1462 posset
404 1401 591 1444 succurrere.
637 1379 709 1443 Hoc
736 1378 1022 1463 praeclarissimum
1050 1378 1116 1442 eius
1144 1377 1263 1442 factum
1286 1398 1350 1441 non
1372 1377 1447 1460 pari

270 1485 365 1549 modo
385 1486 556 1570 probatum
579 1490 627 1551 est
650 1486 868 1568 ab‚omnibus.
913 1484 1072 1550 Nonnulli
1095 1484 1178 1548 enim
1199 1484 1319 1548 laesam
1341 1483 1381 1548 ab
1408 1505 1447 1547 eo

270 1590 421 1675 pietatem
447 1593 613 1677 putabant.
659 1593 762 1658 Mater
787 1614 862 1657 vero
890 1596 965 1675 post
991 1592 1024 1656 id
1046 1591 1166 1656 factum
1188 1612 1290 1675 neque
1314 1591 1447 1654 domum

271 1699 311 1762 ad
342 1720 376 1763 se
407 1699 509 1764 filium
540 1700 666 1765 admisit
696 1721 799 1784 neque
830 1700 964 1784 aspexit,
1001 1696 1113 1783 quin¹⁰
1146 1721 1217 1763 eum
1248 1697 1446 1762 fratricidam

270 1805 465 1891 impiumque
493 1808 652 1872 detestans
680 1807 893 1892 compellaret.
939 1805 1060 1882 Quibus
1088 1807 1183 1871 rebus
1210 1805 1265 1870 ille
1294 1805 1368 1870 adeo
1397 1809 1446 1868 est

219 1929 251 1984 15
271 1916 454 1992 commotus,
477 1918 513 1978 ut
533 1936 761 1998 nonnunquam
782 1913 900 1978 vitae11
922 1914 1018 1978 finem
1040 1913 1144 1978 facere
1166 1912 1263 1977 vellet
1285 1917 1380 1996 atque
1407 1933 1447 1976 ex

270 2018 470 2105 ingratorum
492 2020 658 2085 hominum
681 2025 848 2105 conspectu
871 2025 973 2085 morte
997 2020 1153 2086 decedere.

318 2187 347 2246 2.
393 2179 455 2245 Hic
484 2180 636 2246 Corintho
668 2203 740 2246 cum
773 2181 894 2266 exiguis
923 2180 1022 2264 copiis
1050 2179 1165 2267 missus
1191 2161 1368 2244 incredibili
1399 2180 1447 2243 fe-

271 2286 392 2350 licitate
420 2287 608 2372 Dionysium
636 2292 706 2352 tote
733 2287 862 2354 Sicilial
889 2287 1018 2370 depulit.
1055 2285 1144 2350 Cum
1170 2285 1344 2351 interficere
1367 2307 1447 2368 pos-

271 2391 352 2471 seu,
390 2394 510 2472 noluit,
536 2398 670 2479 tutoque
701 2399 738 2459 ut
769 2394 955 2460 Corinthum
986 2395 1177 2477 perveniret,
1210 2393 1326 2472 effecit,
1357 2394 1448 2476 quod

217 2514 253 2570 20
270 2506 476 2584 utrorumque
498 2501 725 2586 Dionysiorum
753 2501 867 2585 opibus
891 2500 1044 2566 Corinthii
1073 2522 1166 2583 saepe
1189 2499 1288 2564 adiuti
1309 2499 1447 2577 fuerant,

272 2605 360 2669 cuius
391 2607 596 2692 benignitatis
628 2609 813 2673 memoriam
845 2608 973 2673 volebat
1005 2604 1161 2684 exstare³,
1193 2628 1325 2690 eamque
1351 2627 1447 2688 prae·

272 2713 390 2776 claram
409 2713 574 2779 victoriam
597 2714 757 2794 ducebat4,
779 2716 811 2780 in
836 2739 900 2799 qua
921 2715 993 2798 plus
1017 2718 1099 2779 esset
1122 2712 1324 2778 clementiae⁶
1348 2735 1449 2796 qnam

272 2819 476 2886 crudelitatis.
526 2822 697 2906 Dionysius
725 2827 891 2907 tyrannus,
924 2843 995 2886 cnm
1023 2821 1186 2906 Syracusis
1213 2821 1323 2905 pulsus
1352 2825 1449 2899 esset,

272 2926 418 2992 Corinthi
441 2929 556 2995 dicitur
577 2929 688 2994 ludum
711 2930 879 3014 aperuisse,
903 2951 975 2993 cum
996 2950 1111 3012 pueros
1133 2929 1169 2993 in
1189 2927 1285 2992 trivio
1308 2927 1449 2992 doceret.

218 3047 252 3102 25
272 3032 351 3098 Post
374 3035 522 3120 Dionysii
544 3037 707 3101 decessum
729 3035 897 3100 Timoleon
920 3057 990 3100 cum
1013 3035 1128 3100 Hiceta
1149 3034 1289 3112 bellavit,
1312 3032 1366 3117 qui
1391 3035 1449 3098 ad·

271 3145 413 3206 versatus
442 3147 509 3206 erat
536 3143 691 3228 Dionysio
717 3165 819 3227 neque
846 3143 903 3207 illo
933 3142 1065 3226 expulso
1092 3142 1259 3226 imperium
1288 3140 1450 3216 dimittere

271 3249 407 3314 volebat
452 3249 523 3315 Hoc
551 3255 699 3334 superato
722 3249 876 3314 maximas
899 3249 1006 3333 copias
1029 3247 1337 3334 Carthaginiensium
1359 3247 1450 3328 apud

272 3355 454 3421 Crinissum
476 3355 592 3421 flumen
614 3356 748 3440 fugavit.
781 3379 807 3422 a
832 3361 905 3420 341.

318 3521 346 3580 3.
392 3514 514 3592 Quibus
541 3504 635 3580 rebus
663 3515 814 3581 confectis
842 3537 912 3580 cum
939 3518 1068 3600 propter
1097 3513 1339 3579 diuturnitatem
1365 3511 1451 3577 belli

216 3633 253 3688 30
271 3643 337 3686 non
359 3622 463 3686 solum
486 3643 594 3707 agros,
622 3623 676 3687 sed
700 3623 795 3688 etiam
817 3622 912 3687 urbes
935 3622 1074 3686 desertas
1096 3621 1229 3700 videret,
1252 3617 1452 3703 conquisivit

273 3751 352 3812 quos
374 3728 479 3812 potuit
501 3729 638 3812 primum
654 3726 787 3808 Siculos,
811 3729 921 3794 deinde
945 3727 1098 3794 Corintho
1122 3725 1292 3792 arcessivit*
1306 3725 1450 3804 colonos,

272 3835 358 3919 quod
381 3834 421 3900 ab
443 3834 494 3900 his
517 3835 609 3901 initio
626 3835 799 3920 Syracusae
823 3839 913 3901 erant
936 3834 1089 3900 conditae.
1135 3833 1263 3899 Civibus
1286 3831 1451 3897 veteribus

272 3965 329 4006 sua
355 3941 507 4021 restituit,
534 3943 625 4008 novis
651 3943 737 4008 bello
760 3942 959 4008 vacuefactas
982 3941 1198 4026 possessiones
1221 3939 1335 4005 diusit.
1381 3939 1451 4006 Ur·

271 4049 360 4114 bium
379 4049 505 4114 moenia
520 4051 651 4135 disjecta
673 4051 810 4136 fanaque
834 4051 958 4116 deserta
980 4049 1099 4114 refecit.
1146 4048 1334 4114 Civitatibus
1355 4047 1451 4132 leges

218 4165 253 4220 35
272 4156 516 4241 libertatemque
530 4158 675 4238 reddidit.
720 4156 837 4223 Arcem
852 4156 1024 4242 Syracusis,
1040 4179 1136 4241 quam
1151 4157 1308 4221 munierat
1322 4153 1451 4238 Diony·

250 4263 337 4328 ‘sius
369 4263 512 4348 superior
544 4265 584 4328 ad
615 4264 726 4329 urbem
759 4263 977 4343 obsidendam,
1009 4285 1028 4327 a
1055 4261 1287 4328 fundamentis¹
1315 4259 1452 4344 disjecit,

273 4373 377 4434 cetera
403 4369 579 4454 tyrannidis
606 4371 846 4456 propugnacula
873 4369 1043 4436 demolitus
1066 4373 1114 4434 est
1137 4368 1285 4453 deditque
1308 4389 1451 4452 operam,
