3074 4934
693 265 755 326 145

220 456 255 524 t.
294 457 405 546 Quam
427 457 542 524 dulcis
565 458 615 525 sit
637 457 802 542 libertas,
825 459 986 527 breviter
1008 461 1214 546 proloquar.

239 598 317 664 Cani
338 602 486 684 perpasto
509 598 609 664 mdcie
633 599 795 665 confectus
817 599 911 684 lupus

237 705 329 770 Forte
352 705 540 771 occucurrit:
564 707 631 770 dein
655 707 796 772 salutant
817 707 960 774 invicem.

240 813 285 880 Ut
308 813 528 879 constiterunt:
551 813 644 880 Unde
667 815 721 894 sic,
743 836 872 898 quaeso,
894 816 999 882 nites?

235 918 305 985 Aut
328 942 390 1004 quo
414 920 486 985 cibo
509 919 612 986 fecisti
634 925 760 986 tantum
783 923 947 1006 corporis?

236 1026 317 1112 Egd,
342 1027 397 1111 qui
419 1048 489 1091 sum
511 1027 608 1112 longe
629 1027 752 1106 fortior,
774 1031 867 1112 pereo
890 1028 983 1094 fame.
1007 1067 1052 1079 —

232 1131 328 1199 (lanis
352 1134 551 1219 simpliciter:
575 1135 679 1199 eddcm
702 1139 750 1200 est
773 1135 912 1200 conditio
939 1135 1009 1218 tibi,

236 1240 401 1306 Praestare
424 1241 550 1306 ddmino
574 1242 602 1306 si
624 1263 682 1324 par
705 1241 846 1307 officium
868 1247 969 1326 potes.

235 1345 348 1424 Quod?
371 1347 476 1432 inquit
497 1348 561 1413 ille.
586 1386 627 1396 -
652 1347 764 1413 Custos
787 1352 823 1413 ut
845 1349 888 1414 sis
911 1349 1043 1431 liminis,

231 1453 266 1518 Α
288 1454 410 1520 furibus
432 1455 551 1520 tuearis
574 1459 605 1521 et
627 1459 725 1520 noctu
747 1456 885 1522 domum.
909 1496 953 1505 —

234 1561 307 1647 Ego
330 1579 405 1626 vero
429 1585 499 1628 sum
521 1566 663 1648 paratus:
686 1585 770 1628 nunc
792 1564 898 1648 patior
919 1565 1009 1630 nives

231 1667 419 1754 Imbresque
440 1669 473 1733 in
497 1669 585 1734 silvis
609 1691 753 1753 asperam
774 1671 873 1736 vitam
895 1671 1034 1737 trahens.

230 1774 359 1853 rQuanto
383 1781 430 1842 est
453 1777 581 1842 facilius
603 1777 697 1856 mlhl,
719 1777 778 1842 snb
801 1783 885 1844 tecto
908 1777 1014 1844 vivere

230 1881 278 1946 Et
300 1883 439 1948 otiosum
460 1884 552 1970 largo
576 1883 685 1949 sdtiari
708 1884 792 1949 cibo!
816 1922 861 1932 —

235 1989 320 2054 Veni
342 2011 417 2075 ergo
440 2012 571 2055 mecum.
595 2028 638 2038 -
661 1989 748 2056 Dum
769 1993 953 2076 procedunt,
976 1993 1090 2078 aspicit
1324 1999 1358 2054 15

230 2095 341 2181 'Lupus
365 2120 384 2161 a
406 2101 517 2162 catena
540 2097 656 2162 collum
679 2099 832 2164 detritum
854 2099 949 2166 canis
974 2138 1015 2148 —

229 2201 325 2269 'Unde
340 2203 411 2283 hoc,
434 2203 553 2268 amice?
576 2241 621 2252 -
643 2203 738 2270 Nihil
753 2209 809 2270 est.
833 2241 877 2253 -
899 2205 968 2285 Dic,
991 2228 1108 2290 quaero
1124 2210 1239 2274 tamen.
1255 2245 1301 2256 -

230 2307 316 2386 Quia
337 2311 450 2376 videor
472 2327 553 2390 acer,
576 2309 711 2396 alligant
734 2333 784 2375 me
806 2311 955 2391 interdiu,

228 2415 316 2482 Luce
338 2421 375 2481 ut
398 2417 555 2502 quiescam
578 2423 610 2483 et
631 2417 776 2504 vigilem,
798 2441 863 2483 nox
886 2441 958 2484 cum
980 2421 1120 2508 venerim:

231 2522 424 2608 Crepusculo
447 2525 579 2605 solutus,
602 2547 665 2610 qua
686 2525 790 2590 visum
813 2529 866 2606 est,
889 2547 998 2612 vagor.
1320 2533 1357 2588 20

232 2631 373 2696 Affertur
394 2631 479 2696 ultro
502 2633 607 2718 panis3
631 2632 669 2696 de
692 2653 800 2698 mensa
822 2655 880 2697 sua

229 2737 296 2802 Dat
319 2760 391 2804 ossa
414 2739 571 2817 dominus3
594 2739 696 2804 frusta
715 2739 815 2823 jactat
837 2739 973 2820 familia,

226 2843 276 2908 nt
298 2845 383 2928 quod
404 2844 529 2910 fastIdit
552 2845 684 2930 quisque
707 2845 961 2928 pulmentarium.

226 2949 285 3016 'Sic
307 2955 377 3016 sine
399 2951 509 3017 labore
530 2955 641 3017 venter
661 2952 811 3036 impletur
833 2975 930 3020 meus.
952 2991 998 3001 —

227 3056 311 3143 Age,
334 3057 445 3141 siquo
468 3058 555 3124 abire
578 3063 626 3123 est
648 3058 781 3139 tnimus,
805 3063 853 3124 est
874 3059 1024 3126 licentia?
1319 3066 1356 3120 25

226 3162 307 3228 Non
330 3163 423 3246 plane
445 3168 502 3244 est,
524 3163 636 3249 inquit.
661 3203 703 3214 -
727 3164 853 3245 Fruere,
876 3188 957 3249 quae
978 3165 1099 3249 laudas,
1122 3167 1227 3234 canis!

230 3270 378 3356 Regnare
400 3271 485 3351 nolo,
507 3270 588 3336 liber
610 3276 733 3337 utnon
756 3271 817 3336 sim
838 3271 926 3336 mihi.

458 3501 491 3569 8.
529 3503 617 3568 Muli
639 3502 709 3571 duo
732 3504 770 3570 et
790 3503 963 3572 latrones.

227 3643 312 3708 Muli
334 3643 457 3728 gravati
480 3643 611 3710 sarcinis
633 3643 724 3710 ibant
747 3644 829 3722 du0;

232 3749 321 3816 Unus
343 3750 465 3816 ferebat
487 3751 580 3816 fiscos
603 3772 675 3816 cum
697 3749 840 3834 pecunia,

226 3857 325 3922 Alter
347 3861 503 3923 tumentes
526 3857 628 3923 multo
651 3880 758 3924 saccos
780 3859 908 3924 hordeo.

231 3962 291 4028 Ille
314 3969 408 4028 dnere
431 3963 517 4030 dives
540 3964 624 4030 celsa
646 3964 673 4029 it
695 3965 812 4030 cervice
834 3965 974 4031 eminens

230 4069 421 4154 Clarumque
444 4069 528 4136 collo
549 4071 672 4155 jactans
695 4070 953 4155 tintinnabulum,

232 4174 343 4242 Comes
367 4177 474 4261 quieto
498 4177 639 4262 sequitur
661 4181 693 4242 et
714 4177 844 4262 pldcldo
867 4178 980 4264 gradu.

231 4281 348 4348 subito
371 4283 510 4349 latrones
534 4305 573 4348 ex
594 4283 717 4350 insidiis
740 4285 890 4350 advolant

231 4388 380 4475 Interque
403 4391 530 4456 caedem
552 4390 637 4456 ferro
660 4391 782 4456 mulum
804 4393 956 4472 sauciant,

175 4513 345 4568 Lattmann,
361 4515 480 4557 camelius
494 4517 571 4566 Nepos
586 4515 673 4557 amend.
688 4518 711 4556 ct
725 4515 800 4566 suppl.
829 4516 873 4556 nd.
888 4517 956 4558 vm.
1073 4499 1107 4557 10
