3074 4934
610 291 673 352 115

60 462 218 546 putaresss.
264 463 359 528 Multi
388 463 542 548 supplicio
565 464 670 529 affecti
693 486 729 529 ac
752 464 856 529 necati
879 467 961 544 sunt,
984 464 1077 528 multi
1098 464 1132 528 in
1156 486 1225 530 car·

61 591 151 635 cerem
179 571 328 654 conjecti,
357 569 471 655 quaell
497 570 671 636 lautumiae
698 573 860 636 vocantur.
912 570 1000 656 Opus
1028 575 1076 636 est
1102 571 1223 656 ingens,

60 677 266 762 magnificum3
297 681 401 743 totum
428 675 510 743 est¹⁸
538 699 554 741 e
582 699 658 742 saxo
686 678 720 742 in
747 677 921 743 mirandam
946 677 1147 742 altitudinem
1170 678 1222 742 de·

60 805 156 867 presso
184 788 218 848 et
243 784 418 850 multorum
441 784 545 869 operis
567 785 694 868 penitus
717 785 831 851 exciso.
877 783 970 850 Nihil
993 789 1059 850 tam
1082 783 1223 849 clausum

60 890 94 954 ed
123 891 253 970 exitum,
284 891 366 956 nihil
397 895 463 956 tam
491 895 635 975 saeptum
663 891 815 976 undique,
849 891 931 955 nihil
957 896 1024 956 tam
1050 894 1155 956 tutum
1183 891 1257 958 ad5

61 997 225 1063 custodiam
247 1020 305 1062 nec
326 997 396 1062 fieri
418 1019 477 1062 nec
500 998 634 1083 cogitari
656 1001 772 1082 potest.
908 991 911 996 ’

99 1164 123 1221 3.
169 1157 289 1222 Tamen
320 1163 473 1244 tyrannus
505 1162 658 1243 perpetuo
690 1157 832 1222 cruciatu
864 1157 987 1223 timoris
1019 1158 1221 1243 angebatur¹.

60 1263 101 1326 Ea
126 1263 209 1328 enim
236 1263 316 1348 ipsa,
345 1286 426 1349 quae
454 1264 669 1349 concupierat,
696 1285 736 1328 ne
759 1269 828 1328 tum
853 1263 994 1348 quidem,
1022 1286 1094 1328 cum
1117 1265 1223 1328 omnia

61 1392 87 1433 se
111 1393 202 1454 posse
230 1371 411 1452 censebatl,
438 1372 698 1456 consequebatur.
749 1369 813 1448 Qui
840 1392 911 1436 cum
941 1375 1022 1436 esset
1048 1371 1140 1436 bonis
1166 1394 1222 1455 pa-

60 1477 191 1542 rentibus
220 1483 315 1563 atque
342 1479 474 1544 honesto
502 1480 574 1543 loco
601 1475 716 1543 natns⁸
745 1477 818 1563 (etsi
844 1477 878 1542 id
906 1478 1031 1563 quidem
1055 1477 1135 1543 alius
1159 1479 1221 1543 alio
1243 1490 1276 1546 10

60 1585 143 1650 modo
180 1583 342 1672 credidis)
381 1584 637 1670 abundaretquel
675 1590 707 1650 et
743 1585 924 1669 aequalium
955 1583 1223 1650 familiaritatibus

61 1695 87 1754 et
115 1692 338 1756 consuetudine
369 1692 635 1777 propinquorum,
667 1689 833 1756 credebat⁶
865 1712 974 1755 eorum
1006 1690 1136 1770 nemini,
1169 1693 1223 1756 sed

60 1797 104 1878 iis,
139 1821 219 1883 quos
257 1820 294 1863 ex
331 1798 460 1864 familiis
495 1798 703 1882 locupletium
734 1819 842 1862 servos
875 1796 1068 1883 delegerat⁷‚
1107 1797 1222 1882 quibus
1322 1855 1325 1862 .

60 1926 163 1970 nomen
201 1905 362 1970 servitutis
394 1907 461 1990 ipse
493 1907 685 1985 detraxerat,
724 1909 755 1970 et
787 1905 1158 1990 quibusdam-convenis
1191 1910 1223 1970 et

60 2011 127 2076 feris
156 2013 300 2078 barbaris
333 2013 472 2098 corporis
505 2014 680 2078 custodiam
713 2011 931 2078 committebat
939 2011 959 2076 ⁸.
1014 2010 1064 2077 Ita
1093 2015 1223 2096 propter
1244 2026 1277 2079 15

60 2117 199 2202 injustam
243 2120 421 2185 dominatus
464 2119 669 2204 cupiditatem
711 2119 745 2184 in
786 2140 943 2184 carcerem
992 2119 1223 2202 quodammodo

60 2224 137 2308 ipse⁹
152 2248 185 2291 se
208 2227 389 2293 incluserat.
429 2225 512 2304 Quin
535 2227 631 2291 etiam
654 2248 694 2290 ne
716 2226 839 2292 tonsori
862 2226 979 2290 collum
1003 2225 1223 2303 committeret,

61 2334 179 2398 tondere
206 2333 288 2397 filias
311 2356 384 2398 suas
408 2331 558 2400 docuit¹⁰.
604 2333 656 2398 lta
678 2332 804 2398 sordido
828 2331 1034 2416 ancillarique
1058 2331 1222 2428 artificio²†

61 2439 155 2524 regiae
177 2440 326 2525 virgines,
348 2445 385 2504 ut
407 2440 623 2520 tonstriculae,
646 2438 855 2505 tondebant¹²
878 2439 1011 2504 barbam
1026 2443 1058 2503 et
1073 2439 1223 2522 capillum

61 2546 156 2626 petris.
211 2547 255 2611 Et
292 2550 398 2611 tamen
435 2547 475 2612 ab
507 2547 558 2611 his
589 2544 715 2632 ipsisffl,
753 2568 825 2611 cum
854 2546 921 2630 jam
953 2550 1057 2610 essent
1089 2545 1223 2624 adultae,
1241 2557 1276 2614 20

62 2650 168 2717 lenum
201 2653 336 2718 removit
362 2652 577 2738 instituitque,
608 2657 646 2717 ut
674 2653 880 2718 candentibus
906 2652 1106 2738 juglandium
1134 2657 1223 2736 puta·

61 2757 221 2824 minibus1⁴
244 2759 376 2823 barbam
400 2759 461 2824 sibi
483 2764 516 2824 et
539 2759 690 2844 capillum
714 2760 889 2824 adurerent.
935 2759 979 2823 Et
1006 2780 1078 2823 cum
1105 2759 1223 2824 fossam

61 2862 147 2930 latam
169 2865 343 2930 cubiculari
365 2865 448 2930 lecto
472 2864 760 2931 circrrmdedisset1⁶
784 2866 914 2950 ejusque
935 2866 1038 2930 fossas
1053 2866 1223 2931 transitum

61 2973 211 3052 ponticulo
239 2973 345 3057 ligneo
375 2973 602 3056 conjunxisset,
630 2995 702 3038 eum
729 2973 834 3056 ipsum
842 2970 883 3051 ¹⁸,
911 2994 984 3037 cum
1012 2973 1112 3038 forem
1136 2974 1222 3038 cubi·

62 3079 115 3142 culi
141 3077 344 3156 clauserat¹⁶‚
374 3080 588 3164 detorquebat
634 3078 821 3164 Idemque1⁷
849 3100 920 3143 cum
947 3079 981 3142 in
1005 3081 1222 3145 communibus
1241 3091 1275 3146 25

61 3187 208 3271 suggestis
232 3186 403 3251 consistere
425 3207 490 3251 non
506 3187 644 3266 auderet,
667 3187 843 3251 contionari
859 3208 897 3250 ex
912 3185 994 3250 turri
1009 3187 1075 3250 alta
1090 3187 1221 3253 solebat.
1236 3179 1238 3190 '

61 3291 190 3377 Atque²⁸
218 3293 245 3358 is
268 3316 340 3358 curn
362 3293 429 3377 pila
438 3293 466 3330 ¹⁹
488 3293 597 3358 ludere
620 3293 716 3358 vellet
740 3331 780 3341 —
805 3293 945 3357 studiose
969 3293 1051 3356 enim
1075 3293 1108 3356 id
1131 3293 1222 3356 facti-

61 3399 137 3465 tabat
175 3439 217 3448 —
255 3401 457 3485 tunicamque
487 3405 634 3485 poneret,
671 3399 922 3477 adulescentulo,
960 3421 1055 3484 quem
1087 3399 1222 3478 amabat,

61 3508 214 3572 tradidisse
236 3508 379 3593 gladium
402 3508 524 3574 dicitur.
563 3505 661 3573 Hicl⁰
683 3529 756 3572 cum
779 3506 908 3590 quidam
930 3505 1095 3571 familiaris
1112 3507 1222 3590 jocans

61 3611 177 3680 dixisset
201 3614 303 3693 ,Huic
326 3615 454 3698 quidem
477 3620 560 3680 certe
583 3616 682 3680 vitam
706 3618 795 3680 tuam
821 3613 1022 3694 committis,“
1050 3613 1222 3680 arrisisset-
1241 3624 1275 3680 30

60 3740 111 3802 que
137 3724 334 3802 adulescens,
364 3727 534 3806 utrumque
563 3721 658 3806 jussit
684 3721 832 3800 interfici,
860 3721 1004 3800 alterum,
1033 3720 1109 3805 quia
1138 3721 1222 3786 riam

60 3825 327 3894 demonstravisset
353 3827 553 3894 interimendi
575 3827 667 3909 suin,
691 3828 834 3906 alterum,
863 3828 938 3911 quia
961 3827 1080 3892 dictum
1102 3827 1133 3892 id
1156 3827 1221 3891 risu

61 3935 296 4018 approbavisset.

97 4101 123 4159 4.
169 4095 385 4181 Quamquam¹
417 4093 470 4159 hic
501 4095 627 4180 quidem
654 4099 807 4179 tyrannus
835 4093 904 4178 ipse
919 4093 1095 4177 ¹judicarit,
1127 4114 1221 4176 quam

61 4201 151 4266 essst'
172 4203 292 4268 beatus.
337 4201 423 4267 Nam
452 4223 523 4266 cum
550 4201 679 4286 quidam
707 4221 746 4264 ex
774 4200 840 4283 ejus
865 4199 1127 4276 assentatoribus,
1155 4198 1220 4263 Da·
1240 4209 1274 4263 35

60 4308 180 4390 mooles,
210 4311 472 4375 commemoraret
494 4309 527 4373 in
551 4329 694 4374 sermone
718 4307 826 4392 copias
850 4308 926 4392 ejus,
948 4307 1145 4390 majestatem
1169 4308 1221 4372 do-

22 4421 23 4425 ’
60 4413 201 4497 minatus,
222 4439 328 4482 rerum
352 4416 589 4493 abundantiam,
617 4414 884 4501 magnificentiam
908 4413 1031 4478 aedium
1054 4412 1222 4498 regiarum,

1025 4517 1041 4572 8
1047 4517 1061 4548 ἃ
