<?xml version="1.0" encoding="UTF-8"?>
<!DOCTYPE html PUBLIC "-//W3C//DTD XHTML 1.0 Transitional//EN"
    "http://www.w3.org/TR/xhtml1/DTD/xhtml1-transitional.dtd">
<html xmlns="http://www.w3.org/1999/xhtml" xml:lang="en" lang="en">
 <head>
  <title>
</title>
<meta http-equiv="Content-Type" content="text/html;charset=utf-8" />
  <meta name='ocr-system' content='tesseract 3.04.00' />
  <meta name='ocr-capabilities' content='ocr_page ocr_carea ocr_par ocr_line ocrx_word'/>
</head>
<body>
  <div class='ocr_page' id='page_1' title='image "./liberdeexcellen00lattgoog_0079.png"; bbox 0 0 3092 4938; ppageno 0'>
   <div class='ocr_carea' id='block_1_1' title="bbox 819 277 859 336">
    <p class='ocr_par' dir='ltr' id='par_1_1' title="bbox 819 277 859 336">
     <span class='ocr_line' id='line_1_1' title="bbox 819 277 859 336; baseline 0 0"><span class='ocrx_word' id='word_1_1' title='bbox 819 277 859 336; x_wconf 81' lang='lat'><strong>70</strong></span> 
     </span>
    </p>
   </div>
   <div class='ocr_carea' id='block_1_2' title="bbox 197 449 1425 3092">
    <p class='ocr_par' dir='ltr' id='par_1_2' title="bbox 197 449 1425 3092">
     <span class='ocr_line' id='line_1_2' title="bbox 252 449 1423 536; baseline -0.002 -20"><span class='ocrx_word' id='word_1_2' title='bbox 252 456 321 516; x_wconf 88' lang='lat' dir='ltr'><strong>tum</strong></span> <span class='ocrx_word' id='word_1_3' title='bbox 346 451 471 536; x_wconf 81' lang='lat' dir='ltr'><strong>legatos</strong></span> <span class='ocrx_word' id='word_1_4' title='bbox 494 451 533 514; x_wconf 91' lang='lat' dir='ltr'><strong>ad</strong></span> <span class='ocrx_word' id='word_1_5' title='bbox 556 449 757 515; x_wconf 83' lang='lat' dir='ltr'><strong>formandum</strong></span> <span class='ocrx_word' id='word_1_6' title='bbox 779 471 884 514; x_wconf 86' lang='lat' dir='ltr'><strong>rerum</strong></span> <span class='ocrx_word' id='word_1_7' title='bbox 906 449 1120 532; x_wconf 89' lang='lat' dir='ltr'><strong>praesentium</strong></span> <span class='ocrx_word' id='word_1_8' title='bbox 1143 454 1261 514; x_wconf 88' lang='lat' dir='ltr'><strong>statum</strong></span> <span class='ocrx_word' id='word_1_9' title='bbox 1284 451 1423 515; x_wconf 86' lang='lat' dir='ltr'><strong>evocavit</strong></span> 
     </span>
     <span class='ocr_line' id='line_1_3' title="bbox 253 553 1423 641; baseline -0.003 -18"><span class='ocrx_word' id='word_1_10' title='bbox 253 558 445 624; x_wconf 77' lang='lat' dir='ltr'><strong>Corinthum.</strong></span> <span class='ocrx_word' id='word_1_11' title='bbox 491 555 542 620; x_wconf 90' lang='lat' dir='ltr'><strong>Ibi</strong></span> <span class='ocrx_word' id='word_1_12' title='bbox 567 556 654 641; x_wconf 81' lang='lat' dir='ltr'><strong>pacis</strong></span> <span class='ocrx_word' id='word_1_13' title='bbox 682 556 787 640; x_wconf 88' lang='lat' dir='ltr'><strong>legem</strong></span> <span class='ocrx_word' id='word_1_14' title='bbox 813 553 977 620; x_wconf 84' lang='lat' dir='ltr'><strong>universae</strong></span> <span class='ocrx_word' id='word_1_15' title='bbox 1005 555 1154 622; x_wconf 77' lang='lat' dir='ltr'>Graeciae</span> <span class='ocrx_word' id='word_1_16' title='bbox 1182 555 1296 621; x_wconf 77' lang='lat' dir='ltr'><strong>statuit</strong></span> <span class='ocrx_word' id='word_1_17' title='bbox 1322 557 1423 620; x_wconf 89' lang='lat' dir='ltr'><strong>conci-</strong></span> 
     </span>
     <span class='ocr_line' id='line_1_4' title="bbox 251 662 1424 749; baseline -0.002 -19"><span class='ocrx_word' id='word_1_18' title='bbox 251 665 392 749; x_wconf 86' lang='lat' dir='ltr'><strong>liumque</strong></span> <span class='ocrx_word' id='word_1_19' title='bbox 424 663 578 738; x_wconf 82' lang='lat' dir='ltr'><strong>omnium,</strong></span> <span class='ocrx_word' id='word_1_20' title='bbox 614 662 715 727; x_wconf 86' lang='lat' dir='ltr'><strong>veluti</strong></span> <span class='ocrx_word' id='word_1_21' title='bbox 745 684 844 727; x_wconf 87' lang='lat' dir='ltr'><strong>unum</strong></span> <span class='ocrx_word' id='word_1_22' title='bbox 874 667 1034 742; x_wconf 76' lang='lat' dir='ltr'><strong>senatum,</strong></span> <span class='ocrx_word' id='word_1_23' title='bbox 1065 683 1105 727; x_wconf 85' lang='lat' dir='ltr'><strong>ex</strong></span> <span class='ocrx_word' id='word_1_24' title='bbox 1136 662 1284 727; x_wconf 86' lang='lat' dir='ltr'><strong>omnibus</strong></span> <span class='ocrx_word' id='word_1_25' title='bbox 1317 662 1424 748; x_wconf 65' lang='lat' dir='ltr'><strong>legitl.</strong></span> 
     </span>
     <span class='ocr_line' id='line_1_5' title="bbox 251 767 1423 854; baseline -0.003 -17"><span class='ocrx_word' id='word_1_26' title='bbox 251 771 320 837; x_wconf 79' lang='lat' dir='ltr'><strong>Soli</strong></span> <span class='ocrx_word' id='word_1_27' title='bbox 346 768 585 836; x_wconf 75' lang='lat' dir='ltr'><strong>Lacedaemonii</strong></span> <span class='ocrx_word' id='word_1_28' title='bbox 618 772 649 834; x_wconf 90' lang='lat' dir='ltr'><strong>et</strong></span> <span class='ocrx_word' id='word_1_29' title='bbox 680 769 785 854; x_wconf 83' lang='lat' dir='ltr'><strong>legem</strong></span> <span class='ocrx_word' id='word_1_30' title='bbox 812 772 845 833; x_wconf 88' lang='lat' dir='ltr'><strong>et</strong></span> <span class='ocrx_word' id='word_1_31' title='bbox 871 791 980 854; x_wconf 81' lang='lat' dir='ltr'><strong>regem</strong></span> <span class='ocrx_word' id='word_1_32' title='bbox 1007 767 1296 853; x_wconf 78' lang='lat' dir='ltr'><strong>contempserunt⁸‚</strong></span> <span class='ocrx_word' id='word_1_33' title='bbox 1328 770 1423 834; x_wconf 85' lang='lat' dir='ltr'><strong>servi-</strong></span> 
     </span>
     <span class='ocr_line' id='line_1_6' title="bbox 216 875 1425 960; baseline 0.001 -22"><span class='ocrx_word' id='word_1_34' title='bbox 216 881 365 957; x_wconf 67' lang='lat' dir='ltr'><strong>tialem,</strong></span> <span class='ocrx_word' id='word_1_35' title='bbox 391 899 456 942; x_wconf 91' lang='lat' dir='ltr'><strong>non</strong></span> <span class='ocrx_word' id='word_1_36' title='bbox 482 897 594 960; x_wconf 85' lang='lat' dir='ltr'><strong>pacem</strong></span> <span class='ocrx_word' id='word_1_37' title='bbox 620 875 696 954; x_wconf 83' lang='lat' dir='ltr'><strong>reli,</strong></span> <span class='ocrx_word' id='word_1_38' title='bbox 723 897 804 959; x_wconf 86' lang='lat' dir='ltr'><strong>quae</strong></span> <span class='ocrx_word' id='word_1_39' title='bbox 830 897 897 940; x_wconf 85' lang='lat' dir='ltr'><strong>non</strong></span> <span class='ocrx_word' id='word_1_40' title='bbox 923 876 1006 941; x_wconf 89' lang='lat' dir='ltr'><strong>inter</strong></span> <span class='ocrx_word' id='word_1_41' title='bbox 1033 876 1119 959; x_wconf 81' lang='lat' dir='ltr'><strong>ipsas</strong></span> <span class='ocrx_word' id='word_1_42' title='bbox 1146 875 1290 942; x_wconf 68' lang='lat' dir='ltr'><strong>civitates</strong></span> <span class='ocrx_word' id='word_1_43' title='bbox 1312 897 1425 940; x_wconf 78' lang='lat' dir='ltr'><strong>conve·</strong></span> 
     </span>
     <span class='ocr_line' id='line_1_7' title="bbox 250 981 1424 1067; baseline -0.003 -18"><span class='ocrx_word' id='word_1_44' title='bbox 250 981 361 1062; x_wconf 79' lang='lat' dir='ltr'><strong>niret⁴‚</strong></span> <span class='ocrx_word' id='word_1_45' title='bbox 386 983 442 1048; x_wconf 87' lang='lat' dir='ltr'><strong>sed</strong></span> <span class='ocrx_word' id='word_1_46' title='bbox 465 1005 484 1046; x_wconf 91' lang='lat' dir='ltr'><strong>a</strong></span> <span class='ocrx_word' id='word_1_47' title='bbox 505 982 624 1046; x_wconf 81' lang='lat' dir='ltr'><strong>victore</strong></span> <span class='ocrx_word' id='word_1_48' title='bbox 646 981 791 1047; x_wconf 81' lang='lat' dir='ltr'><strong>ferretur.</strong></span> <span class='ocrx_word' id='word_1_49' title='bbox 838 981 969 1046; x_wconf 72' lang='lat' dir='ltr'><strong>Auxilia</strong></span> <span class='ocrx_word' id='word_1_50' title='bbox 992 981 1103 1046; x_wconf 92' lang='lat' dir='ltr'><strong>deinde</strong></span> <span class='ocrx_word' id='word_1_51' title='bbox 1126 983 1325 1067; x_wconf 79' lang='lat' dir='ltr'><strong>singularum</strong></span> <span class='ocrx_word' id='word_1_52' title='bbox 1348 983 1424 1047; x_wconf 78' lang='lat' dir='ltr'><strong>civi-</strong></span> 
     </span>
     <span class='ocr_line' id='line_1_8' title="bbox 249 1087 1424 1173; baseline -0.002 -17"><span class='ocrx_word' id='word_1_53' title='bbox 249 1094 354 1156; x_wconf 74' lang='lat' dir='ltr'><strong>atum</strong></span> <span class='ocrx_word' id='word_1_54' title='bbox 379 1089 607 1166; x_wconf 77' lang='lat' dir='ltr'><strong>deseribuntur,</strong></span> <span class='ocrx_word' id='word_1_55' title='bbox 628 1087 696 1153; x_wconf 84' lang='lat' dir='ltr'><strong>sive</strong></span> <span class='ocrx_word' id='word_1_56' title='bbox 717 1088 913 1171; x_wconf 83' lang='lat' dir='ltr'><strong>adjuvandus</strong></span> <span class='ocrx_word' id='word_1_57' title='bbox 941 1087 1042 1154; x_wconf 77' lang='lat' dir='ltr'><strong>esset⁵</strong></span> <span class='ocrx_word' id='word_1_58' title='bbox 1063 1111 1102 1154; x_wconf 87' lang='lat' dir='ltr'><strong>ea</strong></span> <span class='ocrx_word' id='word_1_59' title='bbox 1125 1111 1222 1154; x_wconf 85' lang='lat' dir='ltr'><strong>manu</strong></span> <span class='ocrx_word' id='word_1_60' title='bbox 1242 1111 1299 1154; x_wconf 73' lang='lat' dir='ltr'><strong>ren</strong></span> <span class='ocrx_word' id='word_1_61' title='bbox 1322 1109 1424 1173; x_wconf 89' lang='lat' dir='ltr'><strong>oppu-</strong></span> 
     </span>
     <span class='ocr_line' id='line_1_9' title="bbox 250 1193 1425 1282; baseline 0 -22"><span class='ocrx_word' id='word_1_62' title='bbox 250 1200 368 1282; x_wconf 81' lang='lat' dir='ltr'><strong>gnante</strong></span> <span class='ocrx_word' id='word_1_63' title='bbox 390 1196 511 1279; x_wconf 69' lang='lat' dir='ltr'><strong>aliquo,</strong></span> <span class='ocrx_word' id='word_1_64' title='bbox 534 1216 590 1260; x_wconf 88' lang='lat' dir='ltr'><strong>seu</strong></span> <span class='ocrx_word' id='word_1_65' title='bbox 610 1195 691 1259; x_wconf 83' lang='lat' dir='ltr'><strong>dece</strong></span> <span class='ocrx_word' id='word_1_66' title='bbox 715 1195 773 1259; x_wconf 87' lang='lat' dir='ltr'><strong>ille</strong></span> <span class='ocrx_word' id='word_1_67' title='bbox 801 1195 922 1260; x_wconf 88' lang='lat' dir='ltr'><strong>bellum</strong></span> <span class='ocrx_word' id='word_1_68' title='bbox 948 1195 1154 1260; x_wconf 76' lang='lat' dir='ltr'><strong>inherendum</strong></span> <span class='ocrx_word' id='word_1_69' title='bbox 1199 1193 1314 1280; x_wconf 82' lang='lat' dir='ltr'><strong>Neque</strong></span> <span class='ocrx_word' id='word_1_70' title='bbox 1341 1197 1425 1260; x_wconf 86' lang='lat' dir='ltr'><strong>enim</strong></span> 
     </span>
     <span class='ocr_line' id='line_1_10' title="bbox 251 1300 1424 1386; baseline -0.001 -19"><span class='ocrx_word' id='word_1_71' title='bbox 251 1303 382 1368; x_wconf 87' lang='lat' dir='ltr'><strong>dubium</strong></span> <span class='ocrx_word' id='word_1_72' title='bbox 404 1307 482 1381; x_wconf 82' lang='lat' dir='ltr'><strong>erat,</strong></span> <span class='ocrx_word' id='word_1_73' title='bbox 502 1300 601 1386; x_wconf 80' lang='lat' dir='ltr'><strong>qnin⁰</strong></span> <span class='ocrx_word' id='word_1_74' title='bbox 623 1302 790 1385; x_wconf 84' lang='lat' dir='ltr'><strong>imperium</strong></span> <span class='ocrx_word' id='word_1_75' title='bbox 812 1301 981 1366; x_wconf 75' lang='lat' dir='ltr'>Persarum</span> <span class='ocrx_word' id='word_1_76' title='bbox 1003 1303 1054 1367; x_wconf 87' lang='lat' dir='ltr'><strong>his</strong></span> <span class='ocrx_word' id='word_1_77' title='bbox 1076 1301 1280 1386; x_wconf 80' lang='lat' dir='ltr'><strong>apparatibus</strong></span> <span class='ocrx_word' id='word_1_78' title='bbox 1302 1307 1424 1386; x_wconf 85' lang='lat' dir='ltr'><strong>petere·</strong></span> 
     </span>
     <span class='ocr_line' id='line_1_11' title="bbox 199 1407 1424 1496; baseline 0.004 -27"><span class='ocrx_word' id='word_1_79' title='bbox 199 1414 233 1470; x_wconf 93' lang='lat'><strong>10</strong></span> <span class='ocrx_word' id='word_1_80' title='bbox 250 1414 312 1474; x_wconf 86' lang='lat' dir='ltr'><strong>tur.</strong></span> <span class='ocrx_word' id='word_1_81' title='bbox 357 1407 487 1474; x_wconf 81' lang='lat' dir='ltr'><strong>Samma</strong></span> <span class='ocrx_word' id='word_1_82' title='bbox 511 1407 703 1472; x_wconf 82' lang='lat' dir='ltr'><strong>auxiliorum</strong></span> <span class='ocrx_word' id='word_1_83' title='bbox 730 1409 865 1474; x_wconf 85' lang='lat' dir='ltr'><strong>ducenta</strong></span> <span class='ocrx_word' id='word_1_84' title='bbox 889 1408 980 1472; x_wconf 82' lang='lat' dir='ltr'><strong>milia</strong></span> <span class='ocrx_word' id='word_1_85' title='bbox 1001 1409 1145 1492; x_wconf 69' lang='lat' dir='ltr'><strong>pediturn</strong></span> <span class='ocrx_word' id='word_1_86' title='bbox 1165 1409 1309 1487; x_wconf 67' lang='lat' dir='ltr'><strong>fixerunt,</strong></span> <span class='ocrx_word' id='word_1_87' title='bbox 1334 1411 1424 1496; x_wconf 87' lang='lat' dir='ltr'><strong>equi-</strong></span> 
     </span>
     <span class='ocr_line' id='line_1_12' title="bbox 251 1513 1425 1599; baseline 0 -19"><span class='ocrx_word' id='word_1_88' title='bbox 251 1520 320 1580; x_wconf 88' lang='lat' dir='ltr'><strong>tum</strong></span> <span class='ocrx_word' id='word_1_89' title='bbox 348 1515 527 1599; x_wconf 85' lang='lat' dir='ltr'><strong>quindecim</strong></span> <span class='ocrx_word' id='word_1_90' title='bbox 553 1513 650 1582; x_wconf 88' lang='lat' dir='ltr'><strong>milia.</strong></span> <span class='ocrx_word' id='word_1_91' title='bbox 694 1514 861 1580; x_wconf 87' lang='lat' dir='ltr'><strong>Praeterea</strong></span> <span class='ocrx_word' id='word_1_92' title='bbox 883 1515 1085 1580; x_wconf 82' lang='lat' dir='ltr'><strong>Macedoniae</strong></span> <span class='ocrx_word' id='word_1_93' title='bbox 1113 1516 1268 1580; x_wconf 61' lang='lat' dir='ltr'><strong>armatus</strong></span> <span class='ocrx_word' id='word_1_94' title='bbox 1296 1521 1366 1580; x_wconf 79' lang='lat' dir='ltr'><strong>erat</strong></span> <span class='ocrx_word' id='word_1_95' title='bbox 1394 1522 1425 1580; x_wconf 94' lang='lat' dir='ltr'><strong>et</strong></span> 
     </span>
     <span class='ocr_line' id='line_1_13' title="bbox 250 1603 1424 1706; baseline 0 -20"><span class='ocrx_word' id='word_1_96' title='bbox 250 1621 443 1687; x_wconf 89' lang='lat' dir='ltr'><strong>domitarum</strong></span> <span class='ocrx_word' id='word_1_97' title='bbox 478 1621 622 1706; x_wconf 77' lang='lat' dir='ltr'><strong>gentiam</strong></span> <span class='ocrx_word' id='word_1_98' title='bbox 647 1603 858 1687; x_wconf 50' lang='lat' dir='ltr'><strong>&#39;finitimarum</strong></span> <span class='ocrx_word' id='word_1_99' title='bbox 890 1623 1006 1706; x_wconf 84' lang='lat' dir='ltr'><strong>copiae.</strong></span> <span class='ocrx_word' id='word_1_100' title='bbox 1060 1622 1156 1688; x_wconf 86' lang='lat' dir='ltr'><strong>Initio</strong></span> <span class='ocrx_word' id='word_1_101' title='bbox 1185 1623 1269 1687; x_wconf 82' lang='lat' dir='ltr'><strong>reris</strong></span> <span class='ocrx_word' id='word_1_102' title='bbox 1301 1627 1424 1706; x_wconf 77' lang='lat' dir='ltr'><strong>partem</strong></span> 
     </span>
     <span class='ocr_line' id='line_1_14' title="bbox 251 1728 1424 1812; baseline 0.001 -18"><span class='ocrx_word' id='word_1_103' title='bbox 251 1729 406 1794; x_wconf 78' lang='lat' dir='ltr'><strong>exercitus</strong></span> <span class='ocrx_word' id='word_1_104' title='bbox 428 1729 462 1793; x_wconf 87' lang='lat' dir='ltr'><strong>in</strong></span> <span class='ocrx_word' id='word_1_105' title='bbox 485 1729 595 1794; x_wconf 87' lang='lat' dir='ltr'><strong>Asiam</strong></span> <span class='ocrx_word' id='word_1_106' title='bbox 617 1729 800 1812; x_wconf 83' lang='lat' dir='ltr'><strong>praemittit</strong></span> <span class='ocrx_word' id='word_1_107' title='bbox 845 1729 982 1808; x_wconf 79' lang='lat' dir='ltr'><strong>Interea,</strong></span> <span class='ocrx_word' id='word_1_108' title='bbox 1011 1730 1087 1794; x_wconf 87' lang='lat' dir='ltr'><strong>dum</strong></span> <span class='ocrx_word' id='word_1_109' title='bbox 1108 1728 1230 1796; x_wconf 78' lang='lat' dir='ltr'><strong>auxilia</strong></span> <span class='ocrx_word' id='word_1_110' title='bbox 1251 1753 1272 1794; x_wconf 83' lang='lat' dir='ltr'><strong>a</strong></span> <span class='ocrx_word' id='word_1_111' title='bbox 1292 1729 1424 1795; x_wconf 77' lang='lat' dir='ltr'><strong>Graecia</strong></span> 
     </span>
     <span class='ocr_line' id='line_1_15' title="bbox 251 1834 1423 1921; baseline 0 -21"><span class='ocrx_word' id='word_1_112' title='bbox 251 1840 379 1914; x_wconf 72' lang='lat' dir='ltr'><strong>cedunt,</strong></span> <span class='ocrx_word' id='word_1_113' title='bbox 415 1835 542 1918; x_wconf 82' lang='lat' dir='ltr'><strong>nuptias</strong></span> <span class='ocrx_word' id='word_1_114' title='bbox 571 1834 760 1919; x_wconf 74' lang='lat' dir='ltr'><strong>Cleopatrae</strong></span> <span class='ocrx_word' id='word_1_115' title='bbox 792 1835 876 1900; x_wconf 87' lang='lat' dir='ltr'><strong>filiae</strong></span> <span class='ocrx_word' id='word_1_116' title='bbox 908 1839 939 1900; x_wconf 88' lang='lat' dir='ltr'><strong>et</strong></span> <span class='ocrx_word' id='word_1_117' title='bbox 970 1835 1157 1916; x_wconf 80' lang='lat' dir='ltr'><strong>Alexandri,</strong></span> <span class='ocrx_word' id='word_1_118' title='bbox 1189 1857 1284 1920; x_wconf 89' lang='lat' dir='ltr'><strong>quem</strong></span> <span class='ocrx_word' id='word_1_119' title='bbox 1315 1857 1423 1921; x_wconf 79' lang='lat' dir='ltr'><strong>regem</strong></span> 
     </span>
     <span class='ocr_line' id='line_1_16' title="bbox 200 1929 1422 2027; baseline 0.007 -28"><span class='ocrx_word' id='word_1_120' title='bbox 200 1946 233 2000; x_wconf 84' lang='lat'><strong>15</strong></span> <span class='ocrx_word' id='word_1_121' title='bbox 251 1929 345 2026; x_wconf 71' lang='lat' dir='ltr'><strong>Flpni</strong></span> <span class='ocrx_word' id='word_1_122' title='bbox 365 1941 498 2020; x_wconf 73' lang='lat' dir='ltr'><strong>fecerat,</strong></span> <span class='ocrx_word' id='word_1_123' title='bbox 519 1940 618 2025; x_wconf 53' lang='lat' dir='ltr'><strong>Amis</strong></span> <span class='ocrx_word' id='word_1_124' title='bbox 642 1941 789 2008; x_wconf 79' lang='lat' dir='ltr'><strong>celebrat</strong></span> <span class='ocrx_word' id='word_1_125' title='bbox 832 1942 911 2006; x_wconf 85' lang='lat' dir='ltr'><strong>Dies</strong></span> <span class='ocrx_word' id='word_1_126' title='bbox 934 1945 1002 2006; x_wconf 86' lang='lat' dir='ltr'><strong>erat</strong></span> <span class='ocrx_word' id='word_1_127' title='bbox 1023 1963 1082 2026; x_wconf 86' lang='lat' dir='ltr'><strong>pro</strong></span> <span class='ocrx_word' id='word_1_128' title='bbox 1104 1942 1322 2027; x_wconf 74' lang='lat' dir='ltr'><strong>magnimdine</strong></span> <span class='ocrx_word' id='word_1_129' title='bbox 1346 1944 1422 2008; x_wconf 87' lang='lat' dir='ltr'><strong>duo-</strong></span> 
     </span>
     <span class='ocr_line' id='line_1_17' title="bbox 250 2034 1422 2134; baseline 0.003 -21"><span class='ocrx_word' id='word_1_130' title='bbox 250 2071 322 2113; x_wconf 87' lang='lat' dir='ltr'><strong>rum</strong></span> <span class='ocrx_word' id='word_1_131' title='bbox 343 2069 468 2133; x_wconf 75' lang='lat' dir='ltr'><strong>regum,</strong></span> <span class='ocrx_word' id='word_1_132' title='bbox 496 2052 527 2112; x_wconf 89' lang='lat' dir='ltr'><strong>et</strong></span> <span class='ocrx_word' id='word_1_133' title='bbox 549 2049 734 2114; x_wconf 78' lang='lat' dir='ltr'><strong>collocantis</strong></span> <span class='ocrx_word' id='word_1_134' title='bbox 755 2049 856 2112; x_wconf 82' lang='lat' dir='ltr'><strong>filiam</strong></span> <span class='ocrx_word' id='word_1_135' title='bbox 879 2053 911 2113; x_wconf 91' lang='lat' dir='ltr'><strong>et</strong></span> <span class='ocrx_word' id='word_1_136' title='bbox 931 2069 1063 2113; x_wconf 72' lang='lat' dir='ltr'><strong>uxorem</strong></span> <span class='ocrx_word' id='word_1_137' title='bbox 1083 2034 1242 2128; x_wconf 80' lang='lat' dir='ltr'><strong>ducentis,</strong></span> <span class='ocrx_word' id='word_1_138' title='bbox 1264 2051 1422 2134; x_wconf 81' lang='lat' dir='ltr'><strong>apparati-</strong></span> 
     </span>
     <span class='ocr_line' id='line_1_18' title="bbox 250 2154 1422 2241; baseline 0.001 -20"><span class='ocrx_word' id='word_1_139' title='bbox 250 2157 310 2221; x_wconf 88' lang='lat' dir='ltr'><strong>bus</strong></span> <span class='ocrx_word' id='word_1_140' title='bbox 335 2155 478 2240; x_wconf 82' lang='lat' dir='ltr'><strong>insignis.</strong></span> <span class='ocrx_word' id='word_1_141' title='bbox 523 2154 592 2221; x_wconf 86' lang='lat' dir='ltr'><strong>Nec</strong></span> <span class='ocrx_word' id='word_1_142' title='bbox 620 2155 769 2220; x_wconf 87' lang='lat' dir='ltr'><strong>ludorum</strong></span> <span class='ocrx_word' id='word_1_143' title='bbox 795 2154 1050 2241; x_wconf 70' lang='lat' dir='ltr'><strong>magnificantia⁷</strong></span> <span class='ocrx_word' id='word_1_144' title='bbox 1077 2155 1197 2234; x_wconf 79' lang='lat' dir='ltr'><strong>dceret3</strong></span> <span class='ocrx_word' id='word_1_145' title='bbox 1222 2157 1422 2241; x_wconf 78' lang='lat' dir='ltr'><strong>adquorum</strong></span> 
     </span>
     <span class='ocr_line' id='line_1_19' title="bbox 250 2261 1422 2347; baseline 0.001 -20"><span class='ocrx_word' id='word_1_146' title='bbox 250 2263 464 2347; x_wconf 78' lang='lat' dir='ltr'><strong>spectaculum</strong></span> <span class='ocrx_word' id='word_1_147' title='bbox 477 2261 646 2346; x_wconf 83' lang='lat' dir='ltr'><strong>Philippus</strong></span> <span class='ocrx_word' id='word_1_148' title='bbox 668 2283 740 2326; x_wconf 90' lang='lat' dir='ltr'><strong>cum</strong></span> <span class='ocrx_word' id='word_1_149' title='bbox 762 2262 829 2327; x_wconf 93' lang='lat' dir='ltr'><strong>sine</strong></span> <span class='ocrx_word' id='word_1_150' title='bbox 852 2262 1034 2327; x_wconf 82' lang='lat' dir='ltr'><strong>custodibus</strong></span> <span class='ocrx_word' id='word_1_151' title='bbox 1056 2261 1198 2326; x_wconf 85' lang='lat' dir='ltr'><strong>medius8</strong></span> <span class='ocrx_word' id='word_1_152' title='bbox 1218 2263 1302 2328; x_wconf 89' lang='lat' dir='ltr'><strong>inter</strong></span> <span class='ocrx_word' id='word_1_153' title='bbox 1325 2263 1422 2328; x_wconf 78' lang='lat' dir='ltr'><strong>duos⁹</strong></span> 
     </span>
     <span class='ocr_line' id='line_1_20' title="bbox 249 2367 1421 2453; baseline 0 -19"><span class='ocrx_word' id='word_1_154' title='bbox 249 2368 462 2448; x_wconf 78' lang='lat' dir='ltr'><strong>Alexandros,</strong></span> <span class='ocrx_word' id='word_1_155' title='bbox 490 2367 593 2432; x_wconf 78' lang='lat' dir='ltr'><strong>filium</strong></span> <span class='ocrx_word' id='word_1_156' title='bbox 615 2389 841 2453; x_wconf 79' lang='lat' dir='ltr'><strong>generumque,</strong></span> <span class='ocrx_word' id='word_1_157' title='bbox 868 2368 1082 2446; x_wconf 80' lang='lat' dir='ltr'><strong>contenderet,</strong></span> <span class='ocrx_word' id='word_1_158' title='bbox 1109 2367 1282 2434; x_wconf 70' lang='lat' dir='ltr'><strong>Pausanias</strong></span> <span class='ocrx_word' id='word_1_159' title='bbox 1304 2370 1421 2434; x_wconf 88' lang='lat' dir='ltr'><strong>nobilis</strong></span> 
     </span>
     <span class='ocr_line' id='line_1_21' title="bbox 197 2473 1422 2558; baseline 0.002 -19"><span class='ocrx_word' id='word_1_160' title='bbox 197 2494 232 2549; x_wconf 83' lang='lat'><strong>20</strong></span> <span class='ocrx_word' id='word_1_161' title='bbox 248 2497 289 2539; x_wconf 80' lang='lat' dir='ltr'><strong>ex</strong></span> <span class='ocrx_word' id='word_1_162' title='bbox 315 2473 539 2540; x_wconf 75' lang='lat' dir='ltr'><strong>Macedonibus</strong></span> <span class='ocrx_word' id='word_1_163' title='bbox 571 2475 767 2553; x_wconf 77' lang='lat' dir='ltr'><strong>adulescens,</strong></span> <span class='ocrx_word' id='word_1_164' title='bbox 798 2475 916 2538; x_wconf 83' lang='lat' dir='ltr'><strong>nemini</strong></span> <span class='ocrx_word' id='word_1_165' title='bbox 940 2479 1118 2558; x_wconf 75' lang='lat' dir='ltr'><strong>suspectis,</strong></span> <span class='ocrx_word' id='word_1_166' title='bbox 1150 2497 1222 2540; x_wconf 89' lang='lat' dir='ltr'><strong>eum</strong></span> <span class='ocrx_word' id='word_1_167' title='bbox 1254 2477 1422 2542; x_wconf 88' lang='lat' dir='ltr'><strong>obtruncat</strong></span> 
     </span>
     <span class='ocr_line' id='line_1_22' title="bbox 250 2579 1420 2664; baseline 0.003 -19"><span class='ocrx_word' id='word_1_168' title='bbox 250 2581 394 2664; x_wconf 84' lang='lat' dir='ltr'><strong>dimnque</strong></span> <span class='ocrx_word' id='word_1_169' title='bbox 421 2579 561 2644; x_wconf 79' lang='lat' dir='ltr'><strong>laetitiae</strong></span> <span class='ocrx_word' id='word_1_170' title='bbox 587 2580 779 2644; x_wconf 49' lang='lat' dir='ltr'><strong>¹destinatum</strong></span> <span class='ocrx_word' id='word_1_171' title='bbox 806 2580 934 2645; x_wconf 87' lang='lat' dir='ltr'><strong>foedum</strong></span> <span class='ocrx_word' id='word_1_172' title='bbox 961 2580 1049 2645; x_wconf 82' lang='lat' dir='ltr'><strong>luctu</strong></span> <span class='ocrx_word' id='word_1_173' title='bbox 1076 2581 1196 2648; x_wconf 69' lang='lat' dir='ltr'><strong>lunens</strong></span> <span class='ocrx_word' id='word_1_174' title='bbox 1222 2581 1306 2648; x_wconf 86' lang='lat' dir='ltr'><strong>facit.</strong></span> <span class='ocrx_word' id='word_1_175' title='bbox 1359 2583 1420 2648; x_wconf 82' lang='lat' dir='ltr'><strong>De</strong></span> 
     </span>
     <span class='ocr_line' id='line_1_23' title="bbox 250 2686 1420 2772; baseline 0.001 -19"><span class='ocrx_word' id='word_1_176' title='bbox 250 2687 344 2753; x_wconf 83' lang='lat' dir='ltr'><strong>cessit</strong></span> <span class='ocrx_word' id='word_1_177' title='bbox 358 2686 525 2770; x_wconf 87' lang='lat' dir='ltr'><strong>Philippus</strong></span> <span class='ocrx_word' id='word_1_178' title='bbox 550 2687 759 2772; x_wconf 75' lang='lat' dir='ltr'><strong>quadraginta</strong></span> <span class='ocrx_word' id='word_1_179' title='bbox 782 2691 814 2752; x_wconf 90' lang='lat' dir='ltr'><strong>et</strong></span> <span class='ocrx_word' id='word_1_180' title='bbox 836 2692 957 2772; x_wconf 89' lang='lat' dir='ltr'><strong>septem</strong></span> <span class='ocrx_word' id='word_1_181' title='bbox 979 2709 1080 2752; x_wconf 89' lang='lat' dir='ltr'><strong>annos</strong></span> <span class='ocrx_word' id='word_1_182' title='bbox 1103 2693 1206 2768; x_wconf 79' lang='lat' dir='ltr'><strong>natus,</strong></span> <span class='ocrx_word' id='word_1_183' title='bbox 1228 2711 1300 2754; x_wconf 88' lang='lat' dir='ltr'><strong>oum</strong></span> <span class='ocrx_word' id='word_1_184' title='bbox 1323 2711 1420 2754; x_wconf 87' lang='lat' dir='ltr'><strong>annos</strong></span> 
     </span>
     <span class='ocr_line' id='line_1_24' title="bbox 249 2793 539 2879; baseline 0 -19"><span class='ocrx_word' id='word_1_185' title='bbox 249 2793 341 2860; x_wconf 88' lang='lat' dir='ltr'><strong>XXV</strong></span> <span class='ocrx_word' id='word_1_186' title='bbox 362 2798 539 2879; x_wconf 74' lang='lat' dir='ltr'><strong>regnasset.</strong></span> 
     </span>
     <span class='ocr_line' id='line_1_25' title="bbox 337 2897 1420 2985; baseline 0.005 -21"><span class='ocrx_word' id='word_1_187' title='bbox 337 2899 490 2984; x_wconf 85' lang='lat' dir='ltr'><strong>Philippo</strong></span> <span class='ocrx_word' id='word_1_188' title='bbox 522 2897 702 2966; x_wconf 71' lang='lat' dir='ltr'><strong>Alexander</strong></span> <span class='ocrx_word' id='word_1_189' title='bbox 731 2901 817 2966; x_wconf 83' lang='lat' dir='ltr'><strong>filius</strong></span> <span class='ocrx_word' id='word_1_190' title='bbox 848 2901 1007 2967; x_wconf 84' lang='lat' dir='ltr'><strong>successit.</strong></span> <span class='ocrx_word' id='word_1_191' title='bbox 1056 2899 1186 2985; x_wconf 81' lang='lat' dir='ltr'><strong>imperii</strong></span> <span class='ocrx_word' id='word_1_192' title='bbox 1217 2901 1420 2969; x_wconf 83' lang='lat' dir='ltr'><strong>fundamenta</strong></span> 
     </span>
     <span class='ocr_line' id='line_1_26' title="bbox 197 3006 1216 3092; baseline 0.004 -22"><span class='ocrx_word' id='word_1_193' title='bbox 197 3023 231 3080; x_wconf 78' lang='lat'><strong>25</strong></span> <span class='ocrx_word' id='word_1_194' title='bbox 249 3010 340 3090; x_wconf 87' lang='lat' dir='ltr'><strong>pater</strong></span> <span class='ocrx_word' id='word_1_195' title='bbox 359 3006 444 3090; x_wconf 85' lang='lat' dir='ltr'><strong>jecit,</strong></span> <span class='ocrx_word' id='word_1_196' title='bbox 468 3006 571 3089; x_wconf 87' lang='lat' dir='ltr'><strong>operis</strong></span> <span class='ocrx_word' id='word_1_197' title='bbox 593 3007 691 3072; x_wconf 91' lang='lat' dir='ltr'><strong>totius</strong></span> <span class='ocrx_word' id='word_1_198' title='bbox 714 3007 849 3092; x_wconf 83' lang='lat' dir='ltr'><strong>gloriam</strong></span> <span class='ocrx_word' id='word_1_199' title='bbox 871 3009 956 3074; x_wconf 85' lang='lat' dir='ltr'><strong>lilius</strong></span> <span class='ocrx_word' id='word_1_200' title='bbox 979 3009 1216 3074; x_wconf 79' lang='lat' dir='ltr'><strong>consummavit.</strong></span> 
     </span>
    </p>
   </div>
   <div class='ocr_carea' id='block_1_3' title="bbox 730 3225 942 3233">
    <p class='ocr_par' dir='ltr' id='par_1_3' title="bbox 730 3225 942 3233">
     <span class='ocr_line' id='line_1_27' title="bbox 730 3225 942 3233; baseline 0.009 -3"><span class='ocrx_word' id='word_1_201' title='bbox 730 3225 942 3233; x_wconf 55' lang='grc' dir='ltr'><strong>ψ</strong></span> 
     </span>
    </p>
   </div>
   <div class='ocr_carea' id='block_1_4' title="bbox 594 3363 1072 3448">
    <p class='ocr_par' dir='ltr' id='par_1_4' title="bbox 594 3363 1072 3448">
     <span class='ocr_line' id='line_1_28' title="bbox 594 3363 1072 3448; baseline 0.002 -18"><span class='ocrx_word' id='word_1_202' title='bbox 594 3363 648 3430; x_wconf 87' lang='grc'><strong>18.</strong></span> <span class='ocrx_word' id='word_1_203' title='bbox 686 3363 891 3434; x_wconf 82' lang='lat' dir='ltr'><strong>Alexander</strong></span> <span class='ocrx_word' id='word_1_204' title='bbox 913 3365 1072 3448; x_wconf 70' lang='lat' dir='ltr'><strong>negem</strong></span> 
     </span>
    </p>
   </div>
   <div class='ocr_carea' id='block_1_5' title="bbox 192 3539 1422 4478">
    <p class='ocr_par' dir='ltr' id='par_1_5' title="bbox 248 3539 1421 3840">
     <span class='ocr_line' id='line_1_29' title="bbox 295 3539 1419 3628; baseline 0.004 -25"><span class='ocrx_word' id='word_1_205' title='bbox 295 3543 322 3604; x_wconf 93' lang='lat'><strong>1.</strong></span> <span class='ocrx_word' id='word_1_206' title='bbox 367 3539 470 3606; x_wconf 89' lang='lat' dir='ltr'><strong>Natus</strong></span> <span class='ocrx_word' id='word_1_207' title='bbox 509 3546 556 3606; x_wconf 90' lang='lat' dir='ltr'><strong>est</strong></span> <span class='ocrx_word' id='word_1_208' title='bbox 587 3541 767 3606; x_wconf 78' lang='lat' dir='ltr'><strong>Alexander</strong></span> <span class='ocrx_word' id='word_1_209' title='bbox 804 3565 843 3607; x_wconf 84' lang='lat' dir='ltr'><strong>ex</strong></span> <span class='ocrx_word' id='word_1_210' title='bbox 875 3541 1061 3628; x_wconf 86' lang='lat' dir='ltr'><strong>Olympiade</strong></span> <span class='ocrx_word' id='word_1_211' title='bbox 1100 3563 1181 3608; x_wconf 90' lang='lat' dir='ltr'><strong>anno</strong></span> <span class='ocrx_word' id='word_1_212' title='bbox 1220 3565 1246 3608; x_wconf 92' lang='lat' dir='ltr'><strong>a.</strong></span> <span class='ocrx_word' id='word_1_213' title='bbox 1280 3541 1353 3607; x_wconf 81' lang='lat' dir='ltr'><strong>Chr.</strong></span> <span class='ocrx_word' id='word_1_214' title='bbox 1390 3565 1419 3608; x_wconf 92' lang='lat' dir='ltr'><strong>n.</strong></span> 
     </span>
     <span class='ocr_line' id='line_1_30' title="bbox 249 3643 1421 3734; baseline 0.001 -23"><span class='ocrx_word' id='word_1_215' title='bbox 249 3643 396 3711; x_wconf 77' lang='lat' dir='ltr'><strong>cconvl</strong></span> <span class='ocrx_word' id='word_1_216' title='bbox 428 3646 536 3711; x_wconf 90' lang='lat' dir='ltr'><strong>eadem</strong></span> <span class='ocrx_word' id='word_1_217' title='bbox 568 3651 675 3727; x_wconf 85' lang='lat' dir='ltr'><strong>nocte,</strong></span> <span class='ocrx_word' id='word_1_218' title='bbox 707 3647 789 3732; x_wconf 89' lang='lat' dir='ltr'><strong>qua1</strong></span> <span class='ocrx_word' id='word_1_219' title='bbox 821 3647 1079 3714; x_wconf 69' lang='lat' dir='ltr'><strong>celeberrimum²</strong></span> <span class='ocrx_word' id='word_1_220' title='bbox 1110 3647 1233 3714; x_wconf 90' lang='lat' dir='ltr'><strong>Dianae</strong></span> <span class='ocrx_word' id='word_1_221' title='bbox 1264 3649 1421 3734; x_wconf 82' lang='lat' dir='ltr'><strong>Ephesiae</strong></span> 
     </span>
     <span class='ocr_line' id='line_1_31' title="bbox 248 3752 1421 3840; baseline 0.002 -22"><span class='ocrx_word' id='word_1_222' title='bbox 248 3752 403 3838; x_wconf 90' lang='lat' dir='ltr'><strong>templum</strong></span> <span class='ocrx_word' id='word_1_223' title='bbox 441 3752 634 3840; x_wconf 79' lang='lat' dir='ltr'><strong>deflagravit.</strong></span> <span class='ocrx_word' id='word_1_224' title='bbox 688 3752 804 3820; x_wconf 82' lang='lat' dir='ltr'><strong>Exstat</strong></span> <span class='ocrx_word' id='word_1_225' title='bbox 842 3754 978 3840; x_wconf 82' lang='lat' dir='ltr'><strong>epistula</strong></span> <span class='ocrx_word' id='word_1_226' title='bbox 1008 3753 1150 3840; x_wconf 91' lang='lat' dir='ltr'><strong>Philippi</strong></span> <span class='ocrx_word' id='word_1_227' title='bbox 1187 3755 1300 3838; x_wconf 71' lang='lat' dir='ltr'><strong>patris,</strong></span> <span class='ocrx_word' id='word_1_228' title='bbox 1339 3753 1421 3840; x_wconf 72' lang='lat' dir='ltr'><strong>qua³</strong></span> 
     </span>
    </p>

    <p class='ocr_par' dir='ltr' id='par_1_6' title="bbox 192 3859 1422 4478">
     <span class='ocr_line' id='line_1_32' title="bbox 194 3859 1422 3956; baseline -0.002 -26"><span class='ocrx_word' id='word_1_229' title='bbox 194 3874 229 3930; x_wconf 81' lang='lat'><strong>30</strong></span> <span class='ocrx_word' id='word_1_230' title='bbox 248 3859 454 3926; x_wconf 87' lang='lat' dir='ltr'><strong>Aristoteli</strong></span> <span class='ocrx_word' id='word_1_231' title='bbox 481 3860 672 3946; x_wconf 90' lang='lat' dir='ltr'><strong>philosopho</strong></span> <span class='ocrx_word' id='word_1_232' title='bbox 700 3865 811 3926; x_wconf 90' lang='lat' dir='ltr'><strong>natum</strong></span> <span class='ocrx_word' id='word_1_233' title='bbox 839 3884 906 3927; x_wconf 88' lang='lat' dir='ltr'><strong>esse</strong></span> <span class='ocrx_word' id='word_1_234' title='bbox 933 3862 994 3926; x_wconf 89' lang='lat' dir='ltr'><strong>sibi</strong></span> <span class='ocrx_word' id='word_1_235' title='bbox 1016 3861 1233 3956; x_wconf 80' lang='lat' dir='ltr'><strong>Alexandrum</strong></span> <span class='ocrx_word' id='word_1_236' title='bbox 1255 3861 1422 3944; x_wconf 72' lang='lat' dir='ltr'><strong>nuntiavit,</strong></span> 
     </span>
     <span class='ocr_line' id='line_1_33' title="bbox 247 3966 778 4052; baseline 0.004 -20"><span class='ocrx_word' id='word_1_237' title='bbox 247 3969 280 4032; x_wconf 92' lang='lat' dir='ltr'><strong>in</strong></span> <span class='ocrx_word' id='word_1_238' title='bbox 301 3967 386 4032; x_wconf 91' lang='lat' dir='ltr'><strong>hunc</strong></span> <span class='ocrx_word' id='word_1_239' title='bbox 409 3966 475 4030; x_wconf 83' lang='lat' dir='ltr'><strong>fere</strong></span> <span class='ocrx_word' id='word_1_240' title='bbox 497 3967 627 4032; x_wconf 92' lang='lat' dir='ltr'><strong>modum</strong></span> <span class='ocrx_word' id='word_1_241' title='bbox 649 3968 778 4052; x_wconf 87' lang='lat' dir='ltr'><strong>scripta:</strong></span> 
     </span>
     <span class='ocr_line' id='line_1_34' title="bbox 518 4073 1157 4160; baseline 0.006 -23"><span class='ocrx_word' id='word_1_242' title='bbox 518 4073 702 4160; x_wconf 80' lang='lat' dir='ltr'><strong>„Philippus</strong></span> <span class='ocrx_word' id='word_1_243' title='bbox 724 4075 892 4142; x_wconf 90' lang='lat' dir='ltr'><strong>Aristoteli</strong></span> <span class='ocrx_word' id='word_1_244' title='bbox 914 4077 1050 4142; x_wconf 89' lang='lat' dir='ltr'><strong>salutem</strong></span> <span class='ocrx_word' id='word_1_245' title='bbox 1073 4077 1157 4141; x_wconf 89' lang='lat' dir='ltr'><strong>dicit.</strong></span> 
     </span>
     <span class='ocr_line' id='line_1_35' title="bbox 335 4179 1420 4266; baseline 0.004 -23"><span class='ocrx_word' id='word_1_246' title='bbox 335 4179 452 4244; x_wconf 84' lang='lat' dir='ltr'><strong>Filium</strong></span> <span class='ocrx_word' id='word_1_247' title='bbox 483 4179 562 4244; x_wconf 90' lang='lat' dir='ltr'><strong>mihi</strong></span> <span class='ocrx_word' id='word_1_248' title='bbox 593 4181 736 4265; x_wconf 85' lang='lat' dir='ltr'><strong>genitum</strong></span> <span class='ocrx_word' id='word_1_249' title='bbox 767 4181 875 4248; x_wconf 47' lang='lat' dir='ltr'><strong>scito&amp;</strong></span> <span class='ocrx_word' id='word_1_250' title='bbox 926 4179 1037 4259; x_wconf 76' lang='lat' dir='ltr'><strong>Qu0d⁶</strong></span> <span class='ocrx_word' id='word_1_251' title='bbox 1069 4181 1213 4266; x_wconf 90' lang='lat' dir='ltr'><strong>equidem</strong></span> <span class='ocrx_word' id='word_1_252' title='bbox 1241 4183 1289 4247; x_wconf 91' lang='lat' dir='ltr'><strong>dis</strong></span> <span class='ocrx_word' id='word_1_253' title='bbox 1317 4183 1420 4247; x_wconf 90' lang='lat' dir='ltr'><strong>habeo</strong></span> 
     </span>
     <span class='ocr_line' id='line_1_36' title="bbox 246 4283 1420 4374; baseline 0.004 -26"><span class='ocrx_word' id='word_1_254' title='bbox 246 4283 415 4371; x_wconf 77' lang='lat' dir='ltr'><strong>gretiam⁸‚</strong></span> <span class='ocrx_word' id='word_1_255' title='bbox 446 4308 511 4352; x_wconf 91' lang='lat' dir='ltr'><strong>non</strong></span> <span class='ocrx_word' id='word_1_256' title='bbox 540 4289 608 4350; x_wconf 89' lang='lat' dir='ltr'><strong>tam</strong></span> <span class='ocrx_word' id='word_1_257' title='bbox 635 4287 710 4371; x_wconf 90' lang='lat' dir='ltr'><strong>quia</strong></span> <span class='ocrx_word' id='word_1_258' title='bbox 736 4292 830 4353; x_wconf 90' lang='lat' dir='ltr'><strong>natus</strong></span> <span class='ocrx_word' id='word_1_259' title='bbox 858 4293 918 4366; x_wconf 81' lang='lat' dir='ltr'><strong>est,</strong></span> <span class='ocrx_word' id='word_1_260' title='bbox 951 4310 1047 4372; x_wconf 88' lang='lat' dir='ltr'><strong>quam</strong></span> <span class='ocrx_word' id='word_1_261' title='bbox 1075 4289 1160 4371; x_wconf 90' lang='lat' dir='ltr'><strong>quod</strong></span> <span class='ocrx_word' id='word_1_262' title='bbox 1187 4287 1334 4374; x_wconf 78' lang='lat' dir='ltr'><strong>contigit,</strong></span> <span class='ocrx_word' id='word_1_263' title='bbox 1366 4288 1420 4353; x_wconf 81' lang='lat' dir='ltr'><strong>ut⁷</strong></span> 
     </span>
     <span class='ocr_line' id='line_1_37' title="bbox 192 4393 1419 4478; baseline 0 -18"><span class='ocrx_word' id='word_1_264' title='bbox 192 4405 228 4460; x_wconf 84' lang='lat'><strong>35</strong></span> <span class='ocrx_word' id='word_1_265' title='bbox 247 4393 428 4458; x_wconf 87' lang='lat' dir='ltr'><strong>nasceretur</strong></span> <span class='ocrx_word' id='word_1_266' title='bbox 453 4393 650 4476; x_wconf 85' lang='lat' dir='ltr'><strong>temporibus</strong></span> <span class='ocrx_word' id='word_1_267' title='bbox 673 4394 758 4458; x_wconf 80' lang='lat' dir='ltr'><strong>vitae</strong></span> <span class='ocrx_word' id='word_1_268' title='bbox 780 4399 863 4460; x_wconf 86' lang='lat' dir='ltr'><strong>tuae.</strong></span> <span class='ocrx_word' id='word_1_269' title='bbox 909 4393 1009 4478; x_wconf 84' lang='lat' dir='ltr'><strong>Spero</strong></span> <span class='ocrx_word' id='word_1_270' title='bbox 1032 4395 1116 4459; x_wconf 90' lang='lat' dir='ltr'><strong>enim</strong></span> <span class='ocrx_word' id='word_1_271' title='bbox 1138 4395 1206 4460; x_wconf 85' lang='lat' dir='ltr'><strong>fore</strong></span> <span class='ocrx_word' id='word_1_272' title='bbox 1228 4395 1285 4460; x_wconf 83' lang='lat' dir='ltr'><strong>ut⁸</strong></span> <span class='ocrx_word' id='word_1_273' title='bbox 1308 4396 1419 4460; x_wconf 86' lang='lat' dir='ltr'><strong>educa-</strong></span> 
     </span>
    </p>
   </div>
   <div class='ocr_carea' id='block_1_6' title="bbox 0 0 1550 4934">
    <p class='ocr_par' dir='ltr' id='par_1_7' title="bbox 0 0 1550 4934">
     <span class='ocr_line' id='line_1_38' title="bbox 0 0 1550 4934; baseline 0 0"><span class='ocrx_word' id='word_1_274' title='bbox 0 0 1550 4934; x_wconf 95' lang='lat' dir='ltr'><strong> </strong></span> 
     </span>
    </p>
   </div>
  </div>
 </body>
</html>
