3074 4934
645 240 708 300 121

88 413 284 478 audacissimi
320 413 443 478 foribus
476 412 613 477 effractis
645 412 678 476 in
709 413 792 477 lecto
826 413 993 478 cubantem
1024 413 1257 479 interfecerunt.

86 520 164 604 Ejus
190 521 230 584 de
256 523 359 584 morte
386 524 422 584 ut
449 520 553 604 palam
582 518 702 585 factum
731 524 791 596 est,
814 519 1002 584 mirabiliter
1024 520 1114 605 vulgi
1137 526 1260 586 mutata

87 633 132 692 est
152 627 307 692 voluntas.
351 625 436 692 Nam
453 627 507 711 qui
530 627 637 690 vivum
660 647 733 690 eum
755 630 925 710 tyrannum
949 627 1134 706 vocitarent,
1158 627 1257 692 eidem

85 733 307 798 liberatorem7
336 733 458 816 patriae
480 733 669 817 tyrannique
693 733 892 816 expulsorem
915 733 1146 816 praedicabant.
1193 733 1257 799 Ita·

86 862 146 924 que
174 841 207 904 in
230 841 308 905 urbe
332 838 557 904 celeberrimo8
579 840 666 918 loco,
695 839 796 903 elatus
819 839 959 923 publice,
987 840 1124 924 sepulcri
1146 861 1256 905 monu-
1277 852 1294 904 5

85 952 190 1012 mento
229 949 364 1012 donatus
396 950 452 1011 est.
507 945 600 1010 Diem
633 946 713 1010 obiit
745 945 867 1012 circiter
899 969 997 1012 annos
1029 946 1259 1032 quinquaginta

86 1055 228 1139 quinque
250 1059 359 1134 natus,
386 1058 534 1139 quartum
556 1058 631 1138 post
654 1075 781 1133 anuum,
805 1076 900 1138 quam
923 1077 961 1118 ex
985 1054 1203 1137 Peloponneso
1226 1054 1260 1117 in

75 1160 225 1226 Siciliam
248 1160 409 1226 redierat⁹.

129 1309 157 1368 8.
205 1303 307 1366 Dione
334 1303 500 1368 interfecto
524 1303 696 1386 Dionysius
723 1325 832 1367 rursus
856 1301 1019 1386 Syracusis
1041 1302 1164 1386 potitus
1187 1323 1258 1387 gra·

85 1410 151 1474 vior
181 1410 401 1493 crudeliorque
427 1410 461 1473 in
489 1411 555 1474 dies
584 1410 703 1475 civitati
731 1414 805 1475 erat.
858 1408 1013 1474 Omnibus
1040 1411 1168 1493 tyranni
1195 1410 1259 1474 eri·
1281 1419 1314 1472 10

84 1517 165 1580 tium
192 1521 322 1600 propter
344 1517 474 1580 nimiam
497 1538 623 1581 morum
645 1516 851 1581 acerbitatem
874 1522 906 1582 et
928 1517 1143 1582 intolerabilia
1166 1539 1261 1582 onera

85 1623 166 1688 votis
199 1625 431 1706 expetentibus,
460 1625 529 1689 sula
561 1645 639 1688 anus
668 1624 823 1707 quaedam
852 1624 1021 1688 senectutis
1049 1624 1179 1688 ultimae
1208 1646 1259 1689 co·

85 1729 160 1793 tidie
192 1729 347 1794 matutino
381 1735 523 1814 tempore
552 1730 639 1808 deos,
671 1735 707 1794 ut
733 1729 902 1794 incolumis
930 1751 966 1793 ac
993 1730 1054 1794 sibi
1082 1731 1259 1813 superstes1

85 1841 175 1915 esset,
191 1837 311 1900 orabat.
350 1835 441 1913 Quod
456 1837 512 1902 ubi
527 1836 554 1900 is
571 1837 729 1920 cognovit,
751 1859 816 1900 uon
840 1835 977 1901 debitam
1001 1837 1062 1901 sibi
1085 1837 1259 1902 admiratus

85 1943 351 2021 benevolentiam,
374 1945 538 2008 arcessivit
562 1929 631 2008 eam
655 1948 694 2022 et,
719 1965 773 2018 cur
795 1943 857 2007 hoc
880 1948 936 2008 aut
958 1966 1022 2027 quo
1046 1946 1158 2009 merito
1182 1944 1313 2009 su0215

84 2050 215 2128 faceret,
242 2049 459 2134 interrogavit.
505 2050 587 2114 Tum
615 2050 671 2114 illa
705 2049 815 2128 ,Certa
844 2054 905 2127 est,
932 2051 1048 2134 inquit,
1076 2051 1158 2115 ratio
1186 2073 1259 2135 pro·

85 2157 183 2239 positi
214 2157 285 2222 mei.
329 2157 442 2222 Puella
475 2157 571 2235 enim,
604 2179 675 2220 cum
707 2179 834 2241 gravem
866 2161 1036 2240 tyrannum
1064 2158 1260 2237 haberemus,

85 2285 190 2328 carere
219 2261 275 2327 eo8
292 2265 464 2346 cupiebam.
512 2261 581 2340 Quo
604 2264 771 2328 interfecto
795 2261 980 2346 aliquant0⁴
1002 2264 1133 2328 taetrior
1157 2285 1259 2328 arcem

85 2373 261 2452 occupavit.
312 2370 391 2454 Ejus
420 2391 544 2455 quoque
572 2370 658 2435 finiri
686 2371 933 2436 dominationem
960 2369 1087 2456 magni⁵
1115 2370 1260 2434 aestima·

84 2475 167 2540 bam.
218 2477 362 2541 Tertium
394 2482 425 2542 te
457 2476 690 2562 superioribus⁶
722 2477 984 2560 importuniorem
1012 2479 1128 2542 babere
1156 2478 1259 2560 coepi·
1279 2483 1315 2538 20

84 2583 174 2648 mus⁷
201 2589 363 2649 rectorem.
415 2584 527 2670 Itaque
554 2607 607 2664 ne,
635 2585 663 2649 si
690 2589 726 2649 tu
753 2584 870 2650 fueris8
899 2585 1098 2670 absumptus,
1126 2585 1261 2648 deterior

84 2689 116 2753 in
147 2691 255 2754 locum
284 2695 374 2754 tuum
402 2690 580 2769 succedatl,
613 2695 707 2774 caput
734 2713 839 2755 meum
867 2713 925 2774 pro
954 2696 1011 2756 tua
1037 2691 1139 2756 salute
1167 2692 1261 2755 devo-

84 2805 171 2862 ve0.“
226 2797 368 2862 Tandem
400 2799 500 2862 coorti
528 2797 717 2881 Syracusani
748 2802 918 2881 tyrannum
945 2798 979 2862 in
1006 2820 1077 2862 arce
1106 2797 1260 2862 obsident.
1332 2882 1335 2888 Ι

85 2904 146 2968 Sed
177 2925 248 2969 cum
277 2904 372 2969 simul
400 2926 419 2968 a
442 2904 754 2988 Carthaginiensibus
783 2910 815 2969 et
837 2905 877 2969 ab
901 2905 1013 2969 Hiceta
1035 2905 1260 2970 Leontinorum

84 3015 218 3094 tyranno
241 3011 327 3075 bello
350 3015 576 3094 premerentur,
600 3033 693 3093 opem
716 3034 735 3074 a
758 3010 930 3076 Corinthiis
953 3012 1112 3094 petierunt
1136 3012 1259 3076 ducem·
1279 3018 1314 3071 25

84 3140 155 3200 que,
180 3138 242 3200 quo
259 3117 292 3181 in
315 3118 400 3182 bello
424 3120 596 3197 uterentur,
619 3117 830 3200 postularunt.
876 3118 991 3182 Missus
1016 3123 1063 3184 est
1083 3117 1259 3182 Timoleon.

462 3349 516 3416 23.
550 3349 747 3415 Timoleon.
780 3347 872 3433 (III)

127 3513 158 3574 1.
204 3507 280 3574 Sine
312 3507 407 3572 dubio
440 3527 575 3591 magnus
608 3508 749 3573 omnimn
781 3506 917 3572 iudicio1
949 3508 999 3571 hic
1031 3507 1081 3598 vir
1112 3507 1260 3574 exstititl.

83 3613 169 3680 Nam
188 3615 265 3680 huic
288 3615 344 3680 uni
367 3615 511 3700 contigit,
535 3616 620 3699 quod
642 3615 748 3680 nescio
772 3613 833 3680 an³
856 3614 982 3693 nemini,
1004 3617 1041 3678 ut
1063 3617 1094 3678 et
1116 3615 1261 3697 patriam,

83 3721 114 3786 in
144 3744 208 3806 qua
237 3725 305 3786 erat
331 3726 438 3801 uatus,
467 3744 650 3807 oppressam
677 3746 696 3787 a
723 3725 858 3806 tyranno
887 3722 1037 3786 liberaret
1064 3725 1095 3784 et
1124 3719 1259 3804 aSyra-
1278 3727 1314 3782 30

83 3829 218 3908 cusanis,
242 3829 358 3913 quibus
381 3829 499 3894 auxilio
524 3835 592 3894 erat
614 3829 739 3908 missus,
761 3831 826 3894 iam
848 3830 1054 3893 inveteratam
1077 3827 1259 3892 servitutem

84 3935 255 4020 depelleret
292 3939 458 4020 totamque
491 3935 631 4002 Siciliam
664 3935 783 4000 multos
815 3957 914 4001 annos
946 3934 1032 3999 bello
1063 3937 1210 3998 vexatam
1242 3957 1260 3996 a

83 4041 290 4127 barbarisque
318 4063 500 4126 oppressam
527 4063 584 4106 suo
613 4042 749 4106 adventu
776 4041 810 4105 in
836 4041 1006 4124 pristinum
1028 4044 1148 4106 statum
1169 4039 1259 4104 rasti-

82 4151 194 4216 tueret
240 4147 302 4215 Sed
329 4150 363 4214 in
391 4149 441 4214 his
469 4149 563 4214 rebus
591 4149 678 4213 varia
705 4148 835 4214 fortuna
857 4170 933 4212 usus
957 4152 1005 4214 est
1028 4154 1072 4227 et,
1099 4147 1132 4211 id
1155 4145 1260 4230 quod*

84 4255 244 4320 difficilius
272 4259 416 4340 putatur,
444 4255 546 4320 multo
577 4255 750 4340 sapientius
777 4255 853 4320 tulit
876 4255 1058 4332 secundam,
1087 4276 1182 4337 quam
1206 4254 1259 4319 ad·
1279 4259 1313 4314 35

83 4383 206 4426 versam
234 4361 404 4428 fortunam.
453 4361 538 4427 Nam
567 4383 637 4426 cum
665 4361 764 4426 frater
792 4361 859 4426 eius
887 4359 1115 4444 Tlmopbanes‚
1150 4361 1213 4426 dux
1242 4384 1260 4424 a
