3074 4934
801 265 863 324 144

357 438 519 524 Rugosam
541 437 664 503 inflavit
685 438 814 522 pellem;
837 442 906 502 turn
929 441 1021 502 natos
1046 459 1121 502 suos

357 544 579 630 Interrogavit,
602 567 644 609 an
666 544 744 608 bove
766 548 848 608 esset
870 543 988 609 latior?

357 651 410 716 Illi
432 655 598 738 negarunt.
645 651 766 715 Rursus
788 651 924 715 intendit
946 653 1053 714 cutem

357 757 480 841 Majore
502 757 582 838 nisu,
605 761 638 822 et
660 757 761 821 simili
783 756 939 840 quaesivit
962 756 1068 835 modo,

359 863 436 941 Quis
459 864 560 948 major
583 862 686 929 esset?
723 863 777 927 Illi
800 863 957 928 dixerunt:
980 863 1103 928 bovem.

357 970 538 1036 Novissime
560 970 736 1055 indignata,
759 970 834 1034 dum
857 970 927 1034 vult
948 969 1086 1034 vtlldius

358 1078 472 1144 Inflare
495 1099 572 1157 sese,
593 1081 689 1162 rupto
709 1076 812 1160 jacuit
834 1098 975 1159 corpore.

823 1237 855 1304 5.

413 1363 529 1430 Homo
553 1363 591 1429 in
614 1362 789 1446 periclum
813 1362 958 1429 simulac
981 1362 1078 1428 venit
1101 1361 1264 1444 callidus,

413 1469 580 1554 Reperire
604 1467 772 1552 effugium
796 1469 939 1550 quaerit
961 1469 1111 1579 alterins
1135 1469 1240 1536 malo.

360 1609 437 1675 Cum
462 1610 626 1676 decidisset
648 1611 758 1694 vulpes
780 1611 813 1674 in
836 1615 964 1694 puteum
987 1610 1085 1676 inscia

362 1717 405 1782 Et
427 1716 540 1782 altiore
563 1717 762 1782 clauderetur
784 1718 938 1801 margine,

360 1824 495 1888 Devenit
517 1823 624 1888 hircus
647 1825 758 1888 sitiens
781 1824 815 1889 in
838 1825 972 1889 eundem
995 1825 1115 1902 locum3

361 1928 464 1995 Simul
486 1931 620 2014 rogavit,
644 1937 726 1996 esset
750 1955 791 1995 an
814 1931 915 1996 dulcis
938 1932 1045 2016 liquor

360 2037 404 2102 Et
427 2037 595 2121 copiosus?
634 2037 694 2102 Illa
717 2038 862 2103 fraudem
885 2039 1031 2104 moliens:

360 2143 527 2223 Descende,
550 2145 658 2224 amice,
680 2149 771 2209 tanta
793 2145 921 2210 bbnltas
945 2150 993 2210 est
1016 2167 1125 2229 aquae,

362 2249 521 2336 Voluptas
543 2257 581 2316 ut
603 2252 712 2316 satiari
734 2274 799 2316 non
821 2252 922 2336 possit
945 2274 1023 2317 mea.

360 2355 495 2422 Immisit
518 2381 551 2422 se
573 2359 732 2423 barbatus.
779 2358 861 2422 Tum
883 2359 1051 2442 vulpecula

361 2463 472 2528 Evasit
494 2470 599 2548 puteo,
622 2466 695 2529 nixa
718 2465 810 2529 celsis
834 2465 991 2543 cornibus,

362 2569 558 2655 Hircumque
582 2573 689 2636 clauso
712 2572 808 2656 liquit
830 2571 1012 2637 haerentem
1035 2573 1126 2637 vado.

826 2733 858 2800 6.

366 2857 463 2924 Haec
486 2858 637 2940 propter
659 2857 742 2925 illos
766 2859 902 2942 scripta
925 2859 982 2926 est
1004 2857 1166 2926 homines
1190 2856 1325 2942 rabula,

368 2961 434 3052 Qui
457 2964 552 3031 fictis
575 2965 692 3032 causis
715 2966 921 3032 innocentes
945 2966 1165 3049 opprimunt.

365 3103 416 3169 Ad
439 3105 540 3168 rivum
563 3107 695 3170 eundem
717 3106 811 3190 lupus
835 3110 866 3170 et
889 3127 990 3191 agnus
1013 3109 1171 3186 venerant,

363 3211 423 3277 Siti
446 3211 612 3295 compulsi3
645 3213 787 3296 superior
810 3212 917 3276 stabat
939 3213 1042 3295 lupus,

362 3318 530 3403 Longeque
552 3319 683 3383 interior
707 3339 816 3403 agnus.
862 3317 951 3383 Tunc
973 3319 1061 3384 fauce
1082 3319 1228 3404 improba

362 3423 456 3489 Latro
478 3425 627 3490 incitatus
646 3425 748 3510 jurgii
771 3448 895 3490 causum
917 3425 1035 3490 intulit.

364 3529 434 3609 Cur,
457 3531 569 3616 inquit,
591 3531 807 3596 turbulentam
830 3532 933 3597 fecisti
954 3533 1034 3597 mihi

363 3638 491 3721 Aquam
513 3638 655 3704 bibenti?
700 3638 837 3724 Laniger
859 3644 968 3704 contra
990 3640 1118 3705 timens:

364 3740 426 3819 Qui
448 3766 586 3827 possum,
610 3766 737 3828 quaero,
759 3746 872 3824 facere,
895 3747 979 3830 quod
1002 3746 1150 3830 quereris,
1172 3745 1268 3830 lupe?

363 3849 395 3914 A
417 3854 450 3914 te
473 3851 610 3915 decurrit
632 3852 671 3916 ad
694 3873 780 3916 meos
804 3853 936 3917 haustus
958 3852 1073 3937 liquor.

363 3956 522 4040 Repulsus
545 3957 601 4022 ille
623 3958 767 4022 veritatis
791 3959 925 4024 viribus:

364 4062 449 4128 Ante
472 4063 530 4127 hos
553 4087 609 4128 sex
632 4088 754 4130 menses
778 4066 866 4144 male,
890 4066 943 4144 ait,
966 4065 1073 4131 dixisti
1095 4066 1183 4132 mihi.

363 4168 547 4252 Respondet
570 4192 683 4256 agnus:
714 4173 871 4256 Equidem
894 4177 987 4237 natus
1010 4195 1075 4237 non
1098 4195 1193 4239 eram.

365 4276 469 4355 Puer,
491 4277 628 4356 hercule,
650 4283 733 4357 tuus,
755 4280 867 4364 inquit,
890 4279 1053 4345 maledixit
1075 4281 1162 4346 milri.

366 4382 469 4465 Atque
491 4387 540 4448 na
563 4389 741 4468 correptum
765 4385 885 4450 lacerat
907 4386 1026 4469 injusta
1048 4407 1133 4452 nece.
