3074 4934
298 1106 383 1224 IV.
447 1109 545 1222 Ros
584 1050 1040 1247 Carthaginienses.

356 1427 411 1497 25.
456 1428 597 1496 Bellum
619 1429 793 1496 Punicum
816 1429 984 1513 primum.

553 1575 579 1617 a.
604 1558 788 1618 264-241.

129 1738 158 1796 1.
203 1729 339 1796 Devicta
365 1730 558 1814 subactaque
586 1728 680 1794 ltalia
707 1730 843 1814 populus
866 1731 1030 1796 Romanus
1058 1750 1130 1793 oum
1157 1744 1293 1812 usque*

85 1839 122 1903 ad
160 1838 278 1902 fretum
310 1836 452 1904 Siculum
489 1836 638 1916 venisset,
676 1817 1010 1922 opulentissimamque
1047 1837 1082 1901 in
1112 1835 1291 1920 proximos

84 1945 232 2028 praedam
266 1945 498 2029 quodammodo
532 1944 572 2009 ab
604 1943 698 2009 ltaha
730 1967 788 2010 sua
818 1944 976 2010 revulsam
1007 1945 1140 2022 videret,
1178 1943 1256 2007 adeo
1277 1957 1294 1992 *

86 2050 256 2135 cupiditate
279 2051 366 2135 ejus1
390 2051 520 2130 exarsit,
547 2055 584 2117 ut
607 2051 702 2116 armis
725 2052 874 2136 belloque
897 2052 1035 2116 insulam
1057 2050 1293 2136 repetendam*

86 2158 297 2222 arbitraretur.
347 2157 416 2224 Nec
443 2158 566 2224 occasio
594 2158 706 2235 defuit,
738 2180 810 2223 cum
838 2159 875 2224 de
902 2158 1082 2223 Poenorum
1110 2156 1258 2241 superbia

86 2263 265 2330 foederata²
303 2263 428 2330 Siciliae
466 2265 576 2330 civitas
608 2265 756 2330 Messana
794 2269 985 2349 quereretur.
1039 2262 1257 2329 Mamertrni

87 2371 181 2450 enim,
208 2371 324 2436 milites
347 2371 554 2437 mercennarii
575 2370 680 2438 Italici
703 2372 843 2458 generis,
867 2373 921 2456 qui
945 2372 1123 2437 Messanam
1145 2371 1257 2435 urbem
1278 2384 1311 2438 10

9 2473 10 2476 '
87 2477 218 2561 perfidia
250 2483 390 2562 captam,
427 2477 502 2543 viris
533 2479 658 2559 occisis,
690 2480 888 2559 obtinebant,
919 2480 959 2544 ab
992 2479 1130 2543 Hierone
1162 2477 1256 2562 Syra·

88 2605 203 2650 cusano
241 2585 362 2668 proelio
400 2584 477 2649 victi
509 2584 817 2671 Carthaginiensium
846 2585 1039 2670 praesidium
1071 2606 1141 2650 arce
1172 2606 1257 2649 rece-

86 2689 226 2774 perant⁸;
258 2692 313 2756 sed
344 2691 497 2757 seditione
528 2691 632 2757 facta⁴
664 2693 765 2759 altera
796 2716 869 2776 pars
901 2717 921 2759 a
951 2692 1116 2773 Romanis,
1148 2695 1185 2756 ut
1217 2691 1256 2755 ab

88 2798 194 2862 eodem
226 2820 263 2863 ac
294 2798 357 2884 ipsi
383 2798 487 2864 Marte
518 2799 690 2880 oriundisl,
723 2800 878 2864 auxilium
909 2801 1095 2884 petiverant.
1145 2798 1257 2883 Itaque

88 2902 121 2969 C.
143 2903 290 2970 Claudius
317 2906 465 2971 tribunus
492 2906 631 2971 militum
658 2906 881 2991 praemissus⁶,
909 2906 991 2972 {reto
1019 2908 1102 2972 clam
1124 2907 1311 2990 trajeet015

86 3012 121 3074 et
151 3010 460 3097 Carthaginiensibus
498 3035 554 3098 per
592 3014 700 3078 dolum
733 3015 854 3098 ejectis,
892 3014 1069 3079 Messanam
1101 3013 1256 3096 praesidio

86 3121 185 3197 tenet,
217 3118 331 3202 quam7
362 3119 435 3184 ilico
463 3121 613 3186 societate
640 3121 723 3186 inter
749 3144 783 3187 se
810 3121 894 3187 facta
921 3120 1198 3205 Carthaginienses
1226 3122 1257 3182 et

87 3221 273 3306 Syracusani
310 3226 462 3293 obsident.
517 3225 634 3292 Consul
666 3227 811 3313 Appius
844 3228 1024 3294 Claudius
1062 3264 1105 3274 —
1142 3226 1170 3290 is
1203 3225 1258 3308 qui

87 3328 238 3398 Romanis
276 3333 411 3416 primus,
449 3339 486 3400 ut
521 3357 633 3400 navem
672 3336 928 3414 conscenderent,
965 3331 1176 3418 persuasisse⁸
1214 3331 1255 3397 ob

89 3457 218 3522 eamque
255 3461 322 3504 rem
354 3439 503 3506 Caudex
541 3442 719 3526 appellatus
757 3463 825 3507 esse
863 3441 978 3506 dicitur
1013 3479 1054 3488 -
1087 3439 1256 3504 solvendae
1275 3447 1312 3502 20

88 3541 257 3610 obsidionis
285 3546 399 3612 causa⁹
426 3547 540 3613 missus
568 3549 669 3632 primo
698 3549 737 3613 ad
760 3549 967 3633 explorandos
989 3545 1117 3613 hostes⁹
1140 3546 1257 3611 fretum

88 3647 255 3730 piscatoria
297 3675 377 3719 nave
414 3653 548 3738 trajecit.
608 3653 769 3740 Rhegium
806 3677 967 3741 regressus
1005 3676 1076 3718 cum
1113 3653 1292 3737 trajicere*

91 3759 257 3824 exercitum
288 3781 352 3825 non
385 3764 506 3844 posset,
544 3761 795 3828 custodientibus
812 3762 944 3826 iratum
976 3761 1105 3840 Poenis,
1142 3760 1258 3844 sparsit

91 3883 257 3946 rumorem,
279 3867 400 3932 bellum
423 3867 547 3952 injussu
568 3867 678 3952 populi
701 3867 861 3952 inceptum
884 3889 993 3953 gerere
1015 3889 1048 3932 se
1070 3888 1135 3932 non
1157 3887 1256 3950 posse,

93 3968 281 4057 classemque
319 3973 352 4038 in
383 3972 510 4038 ltaliam
541 3995 650 4038 versus
682 3995 715 4038 se
748 3995 841 4060 agere
873 3973 1043 4040 simulavit.
1097 3972 1256 4058 Digressis
1276 3981 1311 4034 25

11 4101 12 4152 ς
92 4075 196 4143 deinde
219 4078 346 4157 Poenis,
374 4080 430 4164 qui
456 4079 645 4165 profectioni
675 4080 741 4164 ejus
769 4079 946 4145 habuerant
968 4079 1075 4164 fidem,
1104 4100 1256 4144 converso

11 4217 12 4250 ;
92 4183 147 4247 sub
172 4190 297 4252 noctem
325 4184 453 4252 cursu¹⁰
480 4209 576 4252 naves
604 4186 729 4271 appulit
752 4187 793 4250 ad
816 4184 998 4252 Siciliam¹⁰.
1045 4185 1256 4271 Syracusanos

11 4321 13 4384 3
92 4287 191 4375 fugat,
222 4291 498 4378 Carthaginienses
528 4293 562 4359 in
596 4296 701 4359 eastra
726 4292 849 4358 munita
876 4293 1045 4378 compellit.
1096 4291 1258 4358 Adversus

12 4423 13 4446 κ
93 4393 258 4466 Hieronem
281 4399 405 4484 saepius
427 4401 507 4466 bene
530 4405 719 4487 pugnatum
746 4389 868 4486 petenti
890 4422 953 4484 pax
976 4400 1049 4466 data
1072 4404 1127 4467 est.
