3074 4934
801 233 864 292 142

248 427 315 483 nus,
348 405 387 470 ad
426 410 570 470 senatum
608 404 730 470 detulit.
784 403 896 470 Patres
935 403 1117 488 conscripti,
1155 404 1210 487 qui
1241 403 1426 468 Hannibale

146 595 152 602 ι
248 509 339 576 vivo8
361 533 525 596 nunquam
547 532 581 576 se
604 509 672 575 sinc
693 509 817 574 insidiis
840 509 965 574 futuros
988 509 1218 590 existimarent,
1244 510 1367 595 legatos
1389 510 1426 574 in
1528 539 1529 544 ¹

247 617 432 702 Bithyniam
455 617 619 696 miserunt,
640 617 675 680 in
697 615 767 682 his⁴
790 616 827 682 T.
849 615 1072 695 Flamininum,
1096 617 1151 700 qui
1174 617 1214 681 ab
1237 637 1312 702 rege
1335 622 1426 700 pete-

247 723 352 804 rent⁶,
378 746 419 788 ne
446 723 699 788 inimicissimum
722 745 815 788 sunm
838 744 944 787 secum
967 723 1099 788 haberet
1121 723 1244 807 sibique
1267 722 1425 789 dederet⁶.

213 832 377 897 5Prnsias
404 831 541 917 negare⁷
569 852 664 896 ausus
691 830 777 895 non⁸
803 835 864 908 est;
891 831 972 895 illud
999 830 1188 908 recusavit⁹,
1215 852 1255 895 ne
1280 830 1314 894 id
1342 853 1362 894 a
1389 852 1426 894 se

249 939 320 1003 fieri
350 936 582 1023 postularentl,
620 938 706 1022 quod
737 938 886 1002 adversus
915 938 968 1022 jus
999 937 1131 1021 hospitii
1163 942 1257 1013 esset,
1287 936 1364 1020 ipsi,
1395 937 1426 1000 si

248 1049 387 1128 possent,
412 1042 762 1129 comprehenderent¹⁰;
784 1044 899 1120 locum,
922 1043 978 1108 ubi
1001 1048 1092 1122 esset,
1115 1042 1208 1108 facile
1229 1044 1426 1109 inventuros.

214 1151 412 1218 *Hannibal
440 1151 523 1216 enim
551 1175 585 1216 se
612 1152 741 1217 tenebat
766 1151 800 1215 in
829 1151 974 1230 castello,
1001 1151 1086 1234 quod
1114 1150 1143 1216 ei
1171 1173 1190 1214 a
1216 1171 1291 1236 rege
1314 1151 1427 1215 datum

250 1263 317 1323 erat
347 1258 520 1337 muneri¹²,
551 1259 647 1343 idque
679 1259 725 1322 sic
757 1257 951 1335 aedificarat,
982 1257 1078 1322 utin
1106 1258 1253 1322 omnibus
1279 1256 1428 1341 partibus
1530 1257 1531 1296 l

198 1372 231 1429 10
250 1365 384 1430 aedificii
422 1366 524 1430 exitus
559 1363 740 1444 haberet¹²,
776 1364 897 1430 scilicet
928 1364 1061 1444 veritus,
1096 1387 1136 1429 ne
1168 1387 1228 1428 usu
1258 1361 1427 1441 veniretffl,

250 1473 344 1556 quod·
364 1471 488 1538 accidit.
533 1471 607 1536 Huc
634 1493 707 1538 cum
733 1471 833 1556 legati
855 1471 1070 1536 Romanorum
1097 1471 1257 1536 venissent
1280 1492 1316 1534 ac
1338 1471 1425 1534 mul-

249 1577 385 1643 titudine
417 1579 547 1642 domum
579 1577 645 1642 eius
677 1577 967 1656 circumdedissent,
1002 1600 1081 1662 puer
1113 1576 1153 1641 ab
1179 1577 1274 1642 ianua
1300 1577 1428 1660 prospi·
1531 1596 1532 1624 1

228 1683 369 1750 ’01111114
392 1683 568 1750 Hannibali
595 1683 690 1764 dixit,
717 1684 824 1768 plures
851 1687 976 1768 praeter
1004 1683 1262 1748 consuetudinem
1285 1688 1428 1747 armatos

250 1814 410 1876 apparere.
461 1790 523 1868 Qui
548 1791 718 1873 imperarit
746 1790 788 1869 ei,
815 1794 852 1854 ut
880 1811 988 1855 omnes
1015 1790 1101 1854 iores
1130 1789 1264 1854 aedificii
1292 1789 1428 1854 circum·

198 1905 232 1958 15
250 1899 311 1962 iret
342 1920 379 1961 ao
410 1919 544 1982 propere
576 1896 637 1962 sibi
668 1901 843 1976 nuntiaret,
874 1895 986 1961 num¹⁶
1018 1897 1128 1961 eodem
1159 1897 1254 1961 modo
1285 1896 1430 1981 undique

251 2004 457 2070 obsideretur.
504 2003 584 2070 Cum
611 2027 691 2089 puer
721 2004 879 2082 celeriter,
907 2003 982 2088 quid
1006 2008 1100 2081 esset,
1127 2003 1338 2069 renuntiasset
1361 2025 1430 2068 om·
1532 2028 1533 2054 1

251 2132 370 2195 nosque
403 2111 504 2175 exitus
537 2116 708 2195 occupatos
740 2110 943 2190 ostendisset,
974 2110 1072 2175 sensit
1103 2107 1266 2174 Hannibal
1295 2110 1329 2174 id
1361 2133 1429 2175 non

250 2217 383 2282 fortuito
411 2217 532 2282 factum
560 2239 641 2297 esse,
673 2217 728 2282 sed
755 2239 789 2282 se
816 2215 931 2300 patim,
962 2237 1065 2300 neque
1092 2216 1154 2281 sibi
1181 2217 1298 2281 diutius
1326 2217 1430 2282 vitam

251 2346 319 2388 esse
365 2323 604 2390 retinendam¹⁷.
669 2323 772 2402 Quam
818 2345 859 2388 ne
902 2323 1006 2388 alieno
1049 2323 1181 2388 arbitrio
1224 2323 1430 2402 amitteret¹⁸,

198 2434 234 2490 20
251 2453 373 2495 memor
384 2430 412 2468 ²⁹
439 2431 645 2514 pristinarum
673 2430 841 2508 virtutum,
868 2452 1035 2509 venenum,
1063 2430 1147 2514 quod
1174 2453 1298 2515 semper
1320 2453 1430 2496 secum
1533 2479 1534 2496 1

251 2535 370 2600 habere
415 2533 669 2617 consueveratw,
711 2536 854 2621 sumpsit
915 2536 967 2602 Sic
1004 2535 1053 2600 vir
1090 2536 1279 2602 fortissimus
1316 2537 1430 2602 multis

252 2643 412 2726 variisque
442 2643 662 2726 perfimctus²¹
693 2643 855 2708 laboribus
888 2665 971 2708 anno
1005 2644 1161 2728 acquievit
1193 2643 1429 2729 septuagesimo

252 2748 326 2814 fere,
377 2747 515 2834 Insignis
546 2749 599 2814 bic
631 2773 733 2815 annus
765 2750 856 2836 (183)
888 2751 986 2815 trium
1013 2755 1082 2815 toto
1111 2751 1188 2815 orbe
1214 2750 1431 2815 maximorum

252 2854 477 2938 imperatorum
510 2856 666 2921 mortibus
698 2856 775 2936 fuit,
812 2854 1015 2936 Hannibalis,
1053 2855 1321 2941 Philopoemenis,
1360 2856 1430 2922 Sei-

181 2966 234 3022 ·25
252 2960 356 3045 pionis
377 2961 563 3029 Africaniw.
