3074 4934
698 278 761 338 133

143 449 258 516 Omnia
296 450 413 534 oppida
451 450 643 530 abalienata,
679 451 713 515 in
749 451 800 517 his
832 451 959 518 Uticam
997 458 1092 539 atque
1124 453 1314 538 Hipponem,

141 557 357 621 valentissima
379 557 479 622 totius
501 557 637 637 Africae,
659 558 799 623 restituit
821 558 951 644 patriae.

190 723 217 781 3.
262 716 323 782 His
355 716 450 780 rebus
483 739 520 781 ex
552 718 729 782 sententia1
755 718 905 802 peractis,
934 741 997 803 que
1020 719 1165 785 facilius8
1189 728 1348 785 causam*

140 823 284 888 bellandi
320 823 485 907 reperiret,
528 823 644 903 effecit,
685 828 723 889 ut
766 823 958 910 imperator8
996 848 1067 890 cum
1106 825 1245 891 exercitu
1282 827 1316 891 in

141 929 331 1014 Hispaniam
358 931 548 1008 mitteretur,
576 953 676 1015 eoque
704 953 809 996 secum
838 929 947 996 duait4
974 931 1075 996 filium
1102 933 1350 997 Hannibalem5

142 1060 298 1103 annorum
325 1035 467 1103 novem⁶.
512 1038 592 1102 Erat
618 1041 781 1124 praeterea
809 1060 881 1103 cum
909 1061 945 1102 eo
974 1039 1156 1104 adulescens
1182 1039 1316 1104 illustris

142 1144 327 1208 Hasdrubal
349 1165 445 1228 gener
469 1145 546 1228 ejus.
592 1144 640 1208 De
662 1144 725 1209 hoc
747 1145 818 1209 ideo
842 1147 1036 1210 mentionem
1058 1145 1203 1226 fecimus,
1232 1145 1316 1230 quod

142 1250 325 1315 Hamilcare
353 1250 458 1315 occiso
486 1250 541 1314 ille
569 1251 719 1315 exercitui
741 1252 879 1335 praefirit
901 1274 1013 1336 reaque
1036 1274 1168 1338 magnas
1191 1250 1317 1337 gessit⁰,

144 1357 346 1441 eiusdemque
378 1361 451 1442 post
481 1357 636 1422 mortem⁷
668 1357 832 1422 Hannibal
863 1359 902 1422 ab
937 1359 1074 1423 exercitu
1106 1359 1227 1441 accepit
1258 1357 1316 1422 im·

142 1463 277 1550 perium.
1335 1478 1343 1528 1

192 1630 221 1689 4.
266 1622 312 1688 At
339 1623 515 1701 Hamilcar,
547 1627 756 1707 posteaquam
783 1647 870 1689 mare
897 1625 1024 1689 transiit
1054 1625 1088 1688 in
1114 1625 1317 1709 Hispaniam-

144 1753 209 1814 que
236 1728 349 1807 venitl,
375 1751 508 1814 magnas
535 1751 585 1794 res
608 1731 746 1795 secunda
767 1732 866 1816 gessit
889 1731 1026 1798 fortuna.
1072 1732 1226 1797 Maximae
1249 1731 1316 1796 bel·

143 1836 411 1920 licosissimasque
448 1840 561 1920 gentes
593 1836 735 1922 subegIt,
768 1838 870 1922 equis,
902 1839 1011 1919 armis,
1042 1839 1147 1918 viriet
1184 1839 1318 1922 pecunia

144 1943 354 2027 locupletavit
385 1943 538 2008 Africam.
593 1943 669 2008 Cum
704 1943 816 2009 Italiae
848 1945 968 2010 bellum
999 1946 1116 2036 inferre
1152 1945 1351 2010 meditare-²⁸²

144 2055 215 2128 tur,
242 2070 325 2114 nono
354 2070 436 2114 anno
464 2053 636 2133 postquam
667 2050 701 2114 in
723 2049 911 2134 Hispaniam
937 2049 1093 2131 veneratss,
1116 2051 1149 2116 in
1172 2049 1346 2134 proelio⁴1

143 2177 293 2242 pugnans
330 2156 478 2220 adversus
510 2155 665 2221 Vettones
703 2157 825 2222 occisus
867 2162 922 2222 est.
983 2157 1088 2222 Huius
1130 2161 1318 2242 perpetuum

142 2263 253 2326 odium
286 2260 380 2347 1131δ
406 2261 569 2326 Romanos
600 2262 736 2327 maxime
773 2263 948 2328 concitasse
985 2263 1110 2328 videtur
1147 2263 1318 2328 secundum

141 2370 266 2434 bellum
293 2369 456 2434 Punicum.
502 2367 587 2434 Nam
615 2367 791 2450 Hannibal,
822 2371 907 2434 filius
939 2369 1020 2449 eius,
1052 2370 1186 2435 assiduis
1217 2369 1318 2454 patris

142 2475 412 2542 obtestationibus
445 2497 482 2540 eo
515 2479 563 2540 est
594 2477 778 2560 perductus,
809 2481 846 2541 ut
877 2477 1006 2541 interire
1034 2499 1130 2561 quam
1158 2477 1318 2542 Romanos

141 2605 212 2648 non
235 2581 388 2667 experiri⁶
410 2582 530 2648 mallet.
667 2599 669 2604 ·
1335 2593 1370 2648 ‘20

591 2865 646 2934 27.
679 2868 871 2936 Hannibal.

358 2989 484 3054 Bellum
507 2993 654 3054 Punicum
676 2993 837 3055 secundum
868 3015 895 3058 a.
920 2998 1105 3060 218-201.

194 3174 221 3234 1.
267 3168 301 3235 si
328 3191 437 3233 verum
460 3173 520 3247 est,
548 3169 634 3253 qnod
655 3191 749 3234 nemo
773 3170 910 3250 dubitat,
937 3175 974 3234 ut
996 3172 1131 3255 populus
1153 3172 1316 3237 Romanus

139 3298 254 3342 omnes
286 3281 395 3362 gentes
422 3275 538 3340 virtute
565 3275 755 3360 superarit1,
786 3299 850 3342 non
878 3283 925 3342 est
951 3278 1164 3358 infitiandum,
1194 3277 1318 3343 Hanni·

139 3383 252 3448 halem
293 3381 403 3447 tanto²
444 3380 660 3465 praestitisse⁸
702 3383 814 3447 ceteris
855 3383 1099 3466 imperatoribus
1141 3385 1353 3468 prudentia*

141 3487 285 3574 quanto²
315 3489 451 3573 populus
482 3489 646 3554 Romanus
679 3487 863 3554 antecedat⁸
896 3489 1082 3554 fortitudine
1110 3491 1230 3556 cunctis
1261 3513 1317 3554 na·
1337 3501 1351 3530 ⁴*

140 3595 294 3662 tionibus.
338 3595 423 3660 Nam
451 3597 701 3680 quotiescunque
725 3617 796 3660 oum
820 3617 857 3660 eo
882 3617 1067 3682 congressus
1091 3597 1194 3662 estin
1216 3597 1319 3675 Italia,

141 3725 269 3785 semper
301 3702 443 3766 discessit
474 3699 646 3787 superior⁴.
699 3703 790 3779 Quod
818 3701 903 3767 ¹nisil
935 3703 1020 3768 domi
1048 3703 1165 3768 civium
1192 3726 1318 3769 suorum

140 3809 264 3874 invidia
296 3807 479 3874 debilitatus
507 3813 603 3890 esset,
635 3810 797 3875 Romanos
825 3811 949 3876 videtur
976 3833 1124 3894 superare
1150 3809 1318 3894 potuisse⁰.

142 3917 208 3982 Sed
231 3915 403 3981 multorum
427 3913 637 3982 obtrectatio⁷
660 3916 775 3982 devicit
796 3917 890 3982 unius
913 3917 1069 3984 virtutem.
1336 3925 1372 3980 30

193 4081 220 4141 2.
265 4074 379 4141 Odium
412 4081 518 4142 autem
545 4082 714 4161 paternum
741 4097 817 4162 erga
844 4077 1004 4142 Romanos
1032 4077 1120 4142 velut
1146 4076 1319 4142 hereditate

140 4180 310 4248 relictum1
326 4182 371 4246 sic
395 4183 602 4262 conservavit,
624 4187 661 4248 ut
683 4183 771 4266 prius
794 4182 932 4248 animam
956 4206 1051 4268 quam
1074 4184 1107 4248 id
1130 4183 1317 4266 deposuerit.

140 4295 216 4374 Ipse
238 4289 299 4354 hoc
323 4289 507 4370 declaravit,
534 4313 607 4356 cum
628 4289 734 4376 patria
754 4289 866 4372 pulsus
888 4291 972 4374 apud
994 4289 1187 4354 Antiochum
1210 4288 1319 4374 Syriae

138 4417 252 4481 regem
285 4396 451 4463 exsularet.
501 4397 552 4462 Ad
585 4395 699 4481 quern⁹
731 4417 803 4461 eum
834 4395 934 4480 legati
965 4393 1142 4460 venissent⁸
1173 4395 1319 4476 Romani,
