3092 4938
814 259 853 316 12

247 439 338 499 turae
364 432 586 517 imperatoriae
612 430 738 496 virtutis
767 429 921 514 apparuit.
968 426 1137 512 Gynaeglri
1159 447 1285 510 quoque
1308 425 1417 490 militis

248 539 452 606 Atheniensis
483 538 587 622 gloria
617 537 742 622 magnis
775 536 965 619 scriptorum
995 533 1142 598 laudibus
1175 533 1333 598 celebrata
1360 537 1415 598 est.

248 645 330 726 Qui²
360 650 435 730 post
461 645 574 729 proelii
601 643 843 708 innumerabiles
871 642 981 705 caedes
1008 639 1100 705 cum'
1127 640 1285 725 fugientes
1312 641 1419 704 hostes

248 756 288 819 ad
309 775 404 818 naves
428 753 552 837 egisset,
576 755 722 816 onustam
744 771 857 815 navem
881 749 991 812 dextra
1012 769 1109 812 manu
1131 747 1234 812 tenuit
1256 769 1314 812 nec
1329 748 1416 831 prius

213 861 380 938 adimisit,
413 881 507 942 quam
534 879 664 922 manum
692 857 809 934 amisit3
842 858 912 918 tum
940 875 1079 938 quoque,
1111 859 1274 937 amputata
1301 855 1418 932 dextra,

238 989 362 1032 navem
389 965 516 1030 sinistra
541 963 790 1048 comprehendit3
820 984 914 1046 quam
937 961 1057 1044 ipsam³
1081 982 1151 1025 cum
1175 960 1338 1038 amisisset,
1361 981 1416 1045 po-

249 1078 366 1138 stremo
389 1071 547 1136 mordicus
570 1092 683 1135 navem
698 1069 809 1133 tenuit.
849 1067 977 1150 Septem
991 1066 1080 1130 milia
1095 1067 1209 1132 Persae
1224 1089 1262 1131 eo
1278 1067 1420 1150 proelio4

249 1179 429 1250 amiserunt.
474 1177 593 1242 Cecidit
616 1177 711 1241 etiam
734 1175 870 1258 Hippias
893 1179 1046 1258 tyrannus
1069 1173 1286 1252 Atheniensis,
1310 1180 1419 1240 auctor

249 1290 281 1350 et
318 1285 493 1349 concitator
531 1284 597 1367 ejus
635 1283 725 1361 belli,
764 1282 811 1345 dis
849 1281 970 1364 patriae
1007 1279 1185 1345 ultoribus⁶
1222 1303 1340 1364 poenas
1371 1305 1420 1346 re-

198 1407 231 1459 10
248 1391 439 1475 petentibus.

295 1559 322 1615 8.
370 1550 465 1634 Cujus
488 1549 669 1628 victoriae1,
691 1571 756 1613 non
780 1549 918 1613 alienum
940 1548 1065 1612 videtur
1088 1548 1205 1626 docere,
1221 1549 1315 1632 quale
1330 1571 1420 1632 prae-

249 1659 347 1722 mium
362 1657 500 1722 Miltiadi
520 1657 562 1720 sit
577 1657 741 1734 tributum,
764 1654 849 1740 quo²
863 1655 989 1719 facilius
1004 1655 1141 1739 intelligi
1156 1655 1266 1736 possit,
1290 1657 1419 1720 eandem

250 1765 391 1829 omnium
414 1763 577 1828 civitatum
600 1785 667 1827 esse
689 1767 843 1827 naturam.
882 1762 929 1827 Ut
945 1761 1028 1825 enim
1043 1761 1154 1844 populi
1169 1762 1271 1826 nostri
1285 1763 1420 1827 honores

250 1871 409 1955 quondam
440 1871 569 1934 fuerunt
601 1869 665 1934 rari
697 1876 727 1934 et
754 1874 865 1933 tenues
894 1869 933 1933 ob
967 1891 1098 1952 eamque
1126 1890 1253 1932 causam
1281 1869 1421 1953 gloriosi,

198 1991 230 2044 15
249 1999 332 2042 nunc
364 1981 467 2040 autem
502 1975 593 2039 effusi
620 1979 715 2059 atque
745 1974 894 2052 obsoleti,
926 1974 971 2038 sic
998 1974 1074 2038 olim
1103 1976 1185 2056 apud
1213 1974 1421 2042 Athenienses

248 2085 344 2149 fuisse
367 2082 549 2168 reperimus.
590 2079 737 2164 Namque
759 2080 833 2145 huic
853 2080 997 2158 Miltiadi,
1021 2081 1075 2164 qui
1090 2080 1233 2145 Athenas
1256 2087 1419 2166 totamque

250 2190 415 2256 Graeciam
442 2189 607 2267 liberarat,
634 2188 708 2252 talis
731 2188 833 2252 honos
855 2187 992 2253 tributus
1016 2193 1075 2265 est,
1102 2187 1136 2251 in
1159 2187 1310 2270 porticu³,
1339 2211 1420 2272 quae

249 2297 376 2362 Poecile
399 2296 556 2381 (Ποικίλη)
580 2300 719 2371 vocatur,
743 2316 814 2358 cum
837 2315 946 2377 pugna
968 2293 1168 2358 Marathonia
1192 2293 1421 2379 depingeretur,

250 2409 287 2468 ut
313 2404 347 2466 in
374 2403 481 2466 decem
507 2406 689 2485 praetorum
716 2422 847 2465 numero
876 2398 998 2484 prima⁴
1021 2401 1088 2484 ejus
1110 2400 1219 2483 imago
1242 2406 1420 2484 poneretur,

197 2523 232 2575 20
249 2508 357 2592 isque⁶
384 2510 563 2573 hortaretur
590 2507 708 2572 milites
735 2507 954 2591 proeliumque
982 2507 1200 2572 committeret.
1252 2507 1337 2573 Idem
1366 2509 1422 2573 ille

250 2616 400 2700 populus,
427 2613 655 2699 posteaquam⁰
677 2615 780 2698 majus
802 2614 970 2697 imperium
993 2619 1040 2678 est
1062 2620 1173 2679 nactus
1197 2620 1229 2679 et
1251 2616 1421 2701 largitione

250 2722 492 2807 magistratuum
525 2726 692 2805 corruptus
725 2725 785 2800 est,
817 2725 972 2786 trecentas
999 2725 1120 2786 statuas
1147 2722 1310 2787 Demetrio
1338 2724 1422 2788 Pha-

250 2829 353 2894 lereo⁷
378 2829 520 2893 decrevit.

296 2997 324 3056 9.
370 2989 448 3054 Post
479 2989 540 3054 hoc
571 2989 729 3071 proelium
762 2990 894 3052 classem
927 2983 1129 3074 septuaginta
1160 2989 1288 3054 navium
1321 2989 1422 3054 Athe·

197 3106 230 3158 25
250 3098 372 3162 nianses
405 3096 524 3162 eideml
563 3095 699 3160 Miltiadi
731 3097 896 3174 dederunt,
927 3101 964 3160 ut
994 3097 1125 3175 insulas,
1159 3119 1238 3180 quae
1269 3098 1423 3162 barbaros

250 3202 464 3287 adjuverantl,
486 3203 572 3267 bello
596 3207 845 3286 persequeretur.
883 3201 933 3265 Ex
957 3202 1005 3266 his
1021 3202 1140 3266 Pirum
1155 3204 1292 3268 insulam
1307 3204 1422 3286 opibus

250 3313 365 3375 elatam
389 3333 461 3374 cum
484 3309 645 3373 oratione³
668 3309 870 3373 reconciliare
893 3331 957 3372 non
980 3314 1095 3392 posset,
1119 3309 1226 3392 copias
1250 3333 1267 3374 e
1286 3311 1421 3375 navibus

250 3417 366 3496 eduxit,
381 3417 493 3481 urbem
508 3413 655 3498 operibus
672 3415 785 3480 clausit
800 3415 948 3501 omnique
964 3421 1141 3481 commeatu
1155 3416 1315 3499 privavit.4
1346 3417 1367 3481 J
1369 3441 1422 3482 am

248 3525 379 3608 paulum
390 3523 506 3600 aberat,
517 3521 611 3605 quin⁶
621 3522 738 3606 oppido
748 3523 912 3606 potiretur,
927 3546 998 3587 curn
1007 3524 1120 3607 procul
1129 3524 1162 3587 in
1172 3525 1307 3608 Mycdno
1318 3525 1422 3588 insula

195 3630 352 3707 solanus,
381 3629 436 3713 qui
463 3652 501 3693 ex
524 3628 607 3692 Paro
631 3629 908 3713 conspiciebatur0,
932 3631 1037 3694 nescio
1062 3652 1125 3714 quo
1149 3631 1243 3694 casu⁷
1265 3636 1421 3695 nocturno

248 3741 390 3819 tempore
417 3736 561 3800 incensus
590 3739 645 3800 est.
692 3735 789 3819 Cujus
816 3735 943 3800 flamma
970 3736 1025 3801 ut⁸
1053 3737 1092 3800 ab
1121 3737 1286 3820 oppidanis
1310 3743 1341 3812 et
1364 3759 1421 3820 op-

248 3843 477 3926 pugnatoribus
505 3847 552 3906 est
578 3842 659 3921 visa,
687 3842 830 3927 utrisque
858 3844 944 3909 venit
972 3844 1006 3908 in
1031 3844 1224 3927 opinionem,
1253 3845 1380 3928 signum
1402 3867 1423 3908 a

249 3949 416 4013 classiariis
448 3949 532 4033 regis
565 3949 673 4013 datum
706 3970 780 4013 esse.
832 3947 900 4024 Quo
928 3951 1048 4015 factum
1076 3954 1124 4014 est
1151 3950 1207 4014 ut⁹
1235 3956 1266 4015 et
1288 3950 1375 4015 Parii
1402 3974 1423 4015 a

249 4056 405 4120 deditione
433 4056 676 4135 deterrerentur,
704 4060 737 4119 et
758 4055 917 4121 Miltiades
944 4058 1072 4135 timens,
1100 4055 1183 4134 ne²⁰¹
1197 4058 1307 4122 classis
1330 4058 1420 4143 regia

195 4169 228 4222 35
248 4163 440 4239 adventaret,
460 4161 596 4226 incensis
619 4162 767 4246 operibus
774 4162 810 4240 ²¹,
835 4185 914 4246 quae
935 4168 1096 4242 statuerat,
1120 4185 1191 4228 cum
1213 4165 1347 4229 totidem
1365 4187 1423 4228 na-

247 4269 351 4346 vibus,
375 4267 504 4352 atque12
527 4273 594 4333 erat
616 4269 787 4350 profectus,
810 4267 953 4333 Athenas
977 4291 1092 4354 magna
1117 4268 1223 4335 cum18
1247 4272 1421 4336 offensione

249 4374 364 4439 civium
387 4397 515 4439 suorum
538 4375 661 4442 rediret.
706 4376 879 4440 Accusatus
903 4397 978 4461 ergo
1003 4381 1050 4441 est
1072 4377 1304 4461 prodicionis1⁴,
1328 4379 1424 4462 quod,
