3092 4938
708 225 745 286 71

140 408 191 469 tus
212 402 417 485 eruditiusque
434 399 490 464 ebs
505 404 538 465 te
552 399 688 485 dignus⁹
710 399 842 464 exsistet
856 402 889 463 et
910 397 1002 462 nobis
1023 402 1058 462 et
1079 398 1188 462 future
1208 419 1315 462 ‘rerum

140 505 390 592 amphndineffl.
435 505 543 573 Vale.¹¹
1206 516 1208 520 ’
1290 491 1291 496 ¹

228 611 345 680 Postea
359 613 529 698 Philippus
544 613 769 698 philosophum
790 613 884 677 illum
906 611 1192 695 praeclarissimum
1215 631 1315 694 puero
1334 607 1336 618 ’

140 723 301 787 desuem
324 721 449 798 accivit,
472 743 492 784 a
514 741 578 804 quo
602 724 635 785 et
657 719 771 805 agendi
794 717 983 803 acciperet¹¹
1005 722 1172 802 praecepta
1195 722 1227 783 et
1250 717 1315 782 elo·

139 827 299 912 quendi²⁹.
1334 831 1350 885 5

185 977 213 1035 2.
260 969 363 1034 Multa
394 969 539 1034 feruntur
571 968 610 1036 ab
644 967 842 1034 adulescente
875 967 958 1032 dicta
990 971 1046 1031 aut
1078 965 1195 1045 factal,
1233 987 1314 1052 quae

138 1097 293 1162 magnum
307 1077 448 1140 animum
464 1079 496 1140 et
512 1075 670 1141 excelsum
693 1073 898 1160 significante
942 1071 1142 1151 Admonitus,
1166 1072 1316 1158 quoniam

139 1205 235 1248 cursu
263 1182 436 1266 plurimum
463 1183 594 1261 valeret,
624 1186 658 1247 ut
685 1182 768 1246 inter
794 1203 848 1246 eos
875 1202 991 1246 nomen
1019 1179 1233 1264 profiteretur,
1261 1179 1316 1262 qui

139 1286 319 1374 Olympiis⁸
350 1289 502 1354 certaturi
533 1292 650 1366 essent;
681 1309 831 1373 magnam
860 1287 934 1352 inde
961 1285 1038 1371 per4
1063 1286 1235 1352 Graeciam.
1254 1285 1317 1350 sibi

139 1395 259 1464 fernam
286 1394 573 1480 comparaturumlt
601 1394 763 1474 Facerem,
790 1393 903 1478 inquit,
924 1393 954 1459 si
975 1416 1066 1480 reges
1089 1393 1239 1458 haberem
1261 1393 1315 1456 ad-
1336 1400 1369 1456 10

140 1501 323 1568 versarios⁶.
361 1541 405 1551 -
442 1501 570 1588 Insigne
605 1501 730 1567 roboris
762 1501 921 1585 animique
952 1500 1127 1585 praesentis
1159 1499 1317 1584 specimen

138 1609 239 1676 edidit
265 1610 300 1674 in
327 1609 483 1676 domando
507 1629 589 1693 equo
612 1607 822 1692 Mesphe-lah
866 1603 989 1686 Quem⁸
1010 1630 1083 1673 cum
1105 1628 1198 1672 nemo
1222 1607 1315 1672 satel-

138 1716 233 1782 litum
260 1717 345 1802 regis
371 1717 529 1782 moderari
555 1719 677 1800 posset,
704 1715 884 1780 Alexander
911 1715 1141 1799 comprehensis
1164 1713 1316 1778 habenis⁰

138 1823 184 1890 ita
211 1823 338 1902 morit,
365 1827 403 1888 ut
428 1823 574 1889 umbram
600 1844 692 1890 suam
719 1821 899 1906 conspicere
925 1843 990 1887 non
1012 1825 1129 1906 posset,
1158 1841 1221 1906 qua
1244 1843 1316 1886 eum

139 1927 234 1996 antea
261 1951 330 1996 esse
358 1930 545 1996 excercitum
573 1927 843 2006 observaverat1⁰;
870 1929 982 1994 deinde
1009 1929 1109 1993 insilit
1135 1932 1230 2012 atque
1253 1927 1315 1992 ire-
1336 1934 1368 1990 15

139 2037 188 2102 nis
220 2057 332 2118 parere
364 2036 457 2121 cogit.
502 2035 754 2102 Descendentem
780 2040 871 2119 pater
897 2036 1077 2128 compleres
1085 2035 1112 2072 ²²
1140 2035 1315 2116 osculatus-

140 2165 215 2226 que:
248 2142 366 2226 Majus,
392 2141 509 2228 inquit,
536 2142 582 2208 mi
604 2141 664 2220 fili,
690 2141 859 2224 imperium
886 2142 946 2206 tibi
973 2163 1102 2226 quaere;
1130 2139 1316 2206 Macedonia

24 2279 25 2288 ¹
140 2250 226 2317 enim
256 2252 290 2314 te
320 2271 386 2314 non
418 2248 511 2332 capit.
545 2285 587 2300 -·-
620 2247 750 2314 Bellicis
781 2248 876 2313 rebus
907 2248 1093 2332 plerumque
1124 2247 1315 2331 Alexander,

139 2355 237 2421 etiam
269 2355 309 2420 ad
336 2353 549 2420 Chaeroneam
580 2355 701 2438 proelio
732 2353 922 2433 interfuit22,
953 2355 988 2418 in
1020 2375 1083 2439 quc
1115 2375 1211 2439 penes
1242 2375 1316 2420 eum

140 2461 276 2527 victoria
302 2461 425 2526 stetisse
455 2459 612 2527 dicitur1⁸.
656 2460 695 2526 In
718 2483 816 2526 cornu
838 2461 936 2542 enim,
964 2461 1014 2526 cui
1035 2460 1227 2546 praeeratss,
1255 2461 1314 2526 ini·
1334 2469 1368 2524 20

137 2567 221 2632 tium
243 2567 389 2632 vincendi
410 2567 531 2632 factum
554 2573 615 2648 est,
644 2585 733 2634 sacra
756 2561 978 2634 Thebanorum
1002 2567 1144 2649 cohorte,
1173 2591 1253 2654 quae
1277 2591 1315 2633 ex

138 2673 320 2740 lectissimis
343 2673 517 2753 constabat,
540 2673 720 2762 profligate.

185 2822 216 2882 3.
261 2815 437 2902 Postquam
451 2814 621 2902 Philippus
645 2816 744 2904 Aegis
766 2823 896 2886 necatus
918 2821 976 2898 est,
998 2817 1179 2886 Alexander
1201 2817 1315 2902 viginti
1333 2823 1364 2854 *⁴*

24 2989 26 2998 ,
137 2943 240 2990 anuos
255 2927 349 2988 natus
371 2943 505 3009 regnum
525 2923 679 3008 adeptusl
701 2924 840 3008 primum
862 2923 1020 2992 orientes²
1041 2925 1210 2992 nonnullas
1233 2923 1314 2990 sedi·

24 3017 25 3054 ³
138 3030 243 3098 lienes
271 3029 431 3096 exstinxit.
477 3029 560 3096 'lum
586 3029 621 3094 in
644 3029 808 3098 Graeciam
831 3031 1003 3114 improviso
1026 3031 1223 3115 celeriusque
1246 3053 1313 3098 cm·
1332 3037 1367 3092 25

24 3147 25 3176 ³
100 3131 105 3142 '
138 3137 230 3202 nium
254 3133 422 3221 opinione³
445 3135 771 3222 profectus1,1egaus
795 3137 959 3204 civitatum
982 3137 1180 3222 singularum
1203 3136 1314 3205 (lorin-

24 3219 25 3254 i
137 3243 233 3310 thum
261 3241 430 3323 evocatis&
461 3243 606 3326 perfecit,
633 3247 670 3310 ut
696 3265 838 3310 summus
867 3243 1057 3312 Graecorum
1083 3243 1315 3326 imperatorin

138 3349 239 3433 puris
254 3349 361 3416 locum
375 3348 603 3417 sufficeretur⁶.
648 3349 743 3414 Forte
757 3354 827 3416 tum
842 3351 926 3433 apud
941 3349 1127 3416 Corinthum
1141 3349 1176 3414 in
1192 3348 1312 3416 craso

137 3456 212 3522 luco
242 3453 328 3520 erat⁰
350 3455 558 3542 Diogenes,
584 3455 640 3540 qui
666 3455 701 3520 in
726 3459 816 3524 anco
844 3455 1008 3520 hominum
1037 3477 1191 3522 concursu
1213 3455 1314 3522 usurus7

137 3563 177 3628 de
200 3561 384 3628 Alexandro
411 3561 493 3628 nihil
514 3562 690 3628 laborabat.
735 3563 803 3630 Rex
826 3563 957 3646 cupidus
981 3563 1049 3648 ejus
1072 3562 1220 3630 ridendi⁸
1241 3585 1314 3630 cum
1332 3569 1390 3628 30·

137 3656 322 3736 accessisset
348 3674 380 3734 et
406 3673 549 3755 rogaret,
581 3674 618 3736 ut
645 3670 775 3748 diceret,
806 3670 835 3736 si
862 3671 939 3755 quid
967 3692 1046 3755 opus
1073 3669 1189 3736 caseth
1220 3670 1315 3738 Nunc

137 3775 267 3860 quidem
293 3776 473 3860 pardulum,
500 3776 606 3862 inquit
633 3777 782 3862 Cynicus,
797 3800 830 3845 a
856 3778 936 3844 sole!
982 3777 1143 3844 Offecerat
1168 3777 1315 3844 videlicet

138 3882 300 3968 epriceuti
345 3881 470 3948 Pariter
496 3905 682 3968 responsum
710 3889 805 3970 atque
832 3885 993 3950 hominem
1016 3881 1223 3952 admiratus¹⁰
1244 3883 1314 3952 ilde⁸

139 3989 215 4058 cedo
240 3987 354 4056 dixisse
377 3989 525 4056 ferturfl:
552 3989 638 4071 Nisi,
664 3992 855 4058 mehercule!
901 3991 1082 4058 Alexander
1105 4013 1212 4073 essem,
1235 3989 1313 4054 Dio-

136 4118 235 4182 genes
259 4117 326 4162 esse
348 4096 507 4164 vellem12.
1332 4107 1368 4163 35

184 4245 214 4304 4.
261 4237 450 4304 inchoatum
481 4240 593 4305 deinde
624 4264 644 4305 a
669 4243 759 4324 patre
786 4240 949 4306 Persicum
976 4194 1103 4306 bellum
1123 4239 1314 4326 aggreditur.

138 4345 176 4410 In
196 4347 286 4430 cujus
303 4351 456 4432 apparatu
479 4348 652 4432 occupatc²
675 4347 848 4428 nuntiatur,
870 4345 1076 4414 Athenienses
1099 4351 1131 4412 et
1145 4346 1314 4411 Thebanos
