3074 4934
661 275 701 334 97

93 448 253 513 Barbarae
285 445 465 530 opulentiae
495 445 529 509 in
560 445 623 511 illis
655 447 734 512 locis
765 447 856 512 nulla
887 452 961 513 sunt
991 450 1114 533 majora
1145 451 1270 532 indicia,

93 577 190 640 quam
216 553 372 619 nobilium
398 553 536 618 ferarum
559 573 673 638 greges
695 555 821 638 magnis
844 553 1027 620 nemoribus
1050 556 1270 642 saltibusquc⁸

93 662 201 727 clausi.
246 661 341 728 tatas
368 661 408 724 ad
434 661 495 724 hoc
522 659 646 744 eligrmt
672 659 783 739 silvas,
815 660 932 726 crebris
959 663 1145 746 perennium
1172 672 1304 749 aqua-²*

93 792 164 834 rum
197 768 345 834 'fontibus
383 787 542 843 amoenam
580 766 679 832 muris
716 788 847 832 nemora
883 755 1073 854 cinguntur⁴
1103 773 1270 851 turresque

92 876 213 940 habeut
243 875 424 940 venantium
451 872 678 958 receptaculal.
724 873 882 952 Quattuor
909 874 1066 940 continuis
1093 876 1304 944 aetatibus⁶5

92 983 246 1047 intactum
274 983 391 1048 saltum
417 981 515 1046 fuisse
544 981 722 1060 constabat,
750 981 864 1066 quem⁷
892 980 1073 1047 Alexander
1100 1005 1171 1048 cum
1199 987 1269 1049 toto

92 1089 232 1154 exercitu
266 1087 447 1174 ingressus⁸
483 1087 600 1173 agitari
634 1089 775 1172 undique
806 1088 890 1154 feras
918 1089 1022 1172 jussit.
1072 1089 1159 1154 Inter
1191 1113 1269 1175 quas

92 1219 163 1274 cum
186 1197 236 1261 leo
260 1195 485 1280 magnitudinis
508 1218 599 1260 rarae
621 1196 726 1280 ipsum
747 1218 856 1282 regem
877 1197 1052 1278 invaderet,
1075 1197 1157 1262 forte
1179 1198 1269 1282 Lysi·

91 1303 222 1368 machus
244 1303 407 1386 proximus
423 1302 604 1368 Alexandro
628 1303 821 1368 venabulum
843 1303 929 1368 ferae
953 1303 1123 1388 objiciebat
1131 1303 1153 1370 ⁹.
1198 1304 1302 1382 Quo*

92 1433 146 1475 rex
166 1407 330 1494 repulso¹⁰
345 1415 377 1474 et
399 1411 486 1474 abire
504 1411 594 1494 jusso
617 1410 717 1474 feram
740 1431 807 1474 non
830 1411 953 1496 excepit
974 1411 1069 1476 modo
1093 1412 1149 1476 sed
1172 1412 1268 1476 etiam
1287 1418 1322 1474 10

92 1539 155 1581 uno
194 1516 324 1582 vulnere
362 1517 485 1582 occidit.
540 1515 698 1594 Quattuor
735 1515 864 1581 milibus
902 1517 1041 1582 ferarum
1074 1518 1202 1602 dejectis
1235 1519 1270 1582 in

93 1624 201 1688 eodem
224 1623 308 1688 saltu
330 1646 403 1688 oum
426 1627 493 1689 toto
517 1625 659 1690 exercitu
682 1623 828 1708 epulatus
853 1629 909 1690 est.

136 1789 189 1850 47.
235 1783 425 1849 Maracanda
439 1805 582 1849 reversus
598 1784 745 1849 sollemni
760 1784 898 1868 quodam
922 1784 972 1848 die
995 1784 1113 1850 amicos
1136 1785 1170 1848 in
1193 1805 1268 1848 con·

93 1892 210 1956 virium
225 1896 325 1956 vocat.
370 1891 420 1956 Ibi
434 1891 518 1956 facta
539 1891 623 1956 inter
646 1891 749 1956 ebrios
771 1911 877 1955 rerum
900 1891 1084 1976 aPhilippo
1107 1895 1270 1977 gestarum

94 1999 264 2075 mentione,
292 1997 451 2082 praeferre
479 2020 512 2062 se
539 1997 624 2084 patri
650 1997 737 2081 ipse1
764 2019 933 2082 rerumque
957 2020 1085 2062 suarum
1108 1999 1269 2084 magnitu-
1289 2006 1322 2059 15

95 2105 196 2168 dinem
217 2105 368 2168 extollere
384 2105 424 2168 ad
447 2105 570 2169 caelum
592 2105 698 2188 coepit
720 2107 900 2169 assentante
923 2105 1042 2188 majore
1066 2106 1270 2170 convivarum

94 2216 188 2295 parte.
235 2210 347 2296 ltaque
375 2233 447 2275 cum
470 2210 605 2290 Clitus,
633 2215 724 2275 vetus
747 2210 890 2295 Philippi
918 2211 1023 2290 miles,
1050 2211 1078 2276 is
1107 2212 1161 2296 qui
1184 2212 1270 2296 apud

95 2317 262 2382 Granicum
289 2341 412 2382 amnem
441 2340 549 2404 regem
577 2341 616 2382 ex
642 2317 746 2383 media
771 2321 874 2382 morte
903 2316 1051 2402 eripuiti,
1083 2318 1270 2382 memoriam

94 2423 233 2509 Philippi
260 2429 401 2491 tueretur
427 2426 633 2510 laudaretque
661 2426 728 2510 ejus
756 2445 805 2488 res
834 2427 954 2508 gestas,
988 2425 1065 2488 adeo
1088 2445 1197 2510 regem
1221 2424 1270 2490 of·

94 2531 205 2610 rendit,
236 2535 273 2596 ut
303 2532 369 2596 telo
402 2556 421 2596 a
452 2533 589 2596 satellite
620 2536 713 2616 rapto
746 2553 819 2596 eum
849 2530 883 2596 in
912 2530 1057 2596 convivio
1084 2531 1263 2596 trucidaret.
1281 2538 1319 2593 20
1421 2543 1427 2554 ·

95 2637 267 2721 Postquam
299 2639 422 2704 animus
454 2638 647 2722 conquievit,
679 2639 774 2703 modo
801 2637 964 2702 hominem
992 2638 1143 2716 occisum,
1174 2638 1269 2702 modo

95 2767 219 2809 causam
250 2745 414 2809 occidendi
441 2745 654 2826 considerans,
686 2749 852 2828 tantopere
880 2766 953 2810 eum
984 2742 1157 2830 paenituit³
1184 2744 1269 2824 facti,
1288 2753 1305 2786 *

95 2852 203 2916 utrix
226 2873 301 2916 ase
324 2873 435 2916 manus
459 2850 660 2918 abstineret4.

138 3017 188 3078 48.
212 3011 352 3076 ·Decem
375 3012 486 3076 diebus
509 3012 593 3094 apud
612 3011 803 3076 Maracanda
825 3012 1020 3094 consumptis
1043 3011 1085 3075 in‘
1098 3011 1271 3096 regionem,

98 3139 187 3200 quam
219 3117 365 3183 Nautaca
397 3119 572 3202 appellant,
609 3140 666 3182 rex
702 3118 873 3184 exercitum
903 3118 938 3182 in
968 3117 1102 3182 hiberna
1133 3115 1272 3181 deduxit.
1289 3124 1325 3177 25

99 3221 199 3288 Primo
231 3224 324 3290 vere1
351 3226 391 3290 ad
417 3225 580 3290 meridiem
606 3247 716 3290 versus
743 3245 905 3310 regressus
936 3224 1079 3308 pervenit
1105 3223 1138 3286 in
1166 3223 1271 3306 regio-

98 3353 177 3411 nem,
204 3333 255 3396 oui
279 3332 433 3417 Oxyartes
456 3339 597 3416 satrapes
619 3332 735 3398 nobilis
758 3335 914 3415 praeerat,
939 3332 994 3416 qui
1017 3353 1050 3395 se
1072 3329 1157 3414 regis
1180 3332 1271 3412 pote·

99 3429 167 3504 stati
175 3441 312 3524 fideique
321 3440 464 3524 permisit
470 3440 491 3504 ⁹.
529 3426 671 3504 Barbara
681 3435 863 3522 opulentia8
879 3437 1065 3516 convivium,
1081 3457 1146 3521 quo
1161 3457 1272 3521 regem

98 3547 272 3630 accipiebat,
295 3547 495 3612 instruxerat.
540 3547 578 3610 Id
593 3567 665 3611 oum
688 3545 789 3610 multa
812 3542 985 3610 comitate⁴
1008 3567 1065 3610 rex
1088 3544 1272 3624 celebraret,

96 3650 248 3718 introduci
274 3653 329 3718 ille
356 3655 491 3738 triginta
518 3653 642 3718 nobiles
670 3653 809 3737 virginea
837 3653 941 3736 jussit.
987 3651 1074 3716 Inter
1102 3673 1181 3736 quas
1205 3655 1273 3716 erat
1290 3656 1328 3712 30

97 3757 158 3822 filia
184 3760 284 3843 ipsius
307 3760 460 3825 Roxane
486 3761 625 3838 nomine,
654 3760 769 3826 eximia
796 3759 937 3843 corporis
966 3759 1070 3842 specie
1098 3761 1130 3822 et
1159 3758 1272 3822 decore

98 3863 219 3931 babitus
247 3867 281 3931 in
308 3867 451 3932 barbaris
478 3865 579 3934 rarol.
625 3866 713 3945 Quae
736 3887 927 3951 quamquam
952 3865 1036 3930 iuter
1058 3865 1174 3930 electas
1197 3885 1272 3947 pro·

97 3978 240 4052 cesserat,
270 3974 411 4039 omnium
433 3977 540 4038 tamen
564 3973 673 4038 oculos
696 3973 852 4038 convertit
874 3973 908 4036 in
921 3969 996 4050 'se⁶,
1019 3971 1155 4036 maxime
1178 3969 1272 4055 regis,

98 4079 150 4161 qui
175 4081 209 4144 in
235 4102 375 4146 amorem
397 4080 602 4166 virgunculae
624 4081 670 4145 ita
693 4079 810 4144 effusus
834 4082 895 4158 est,
925 4082 962 4142 ut
985 4078 1115 4156 diceret,
1143 4076 1183 4140 ad
1206 4080 1272 4140 sta·

100 4183 267 4252 biliendum
304 4208 440 4272 regnum
477 4187 646 4271 pertinere,
684 4186 797 4250 Persas
836 4190 868 4251 et
905 4185 1093 4250 Macedones
1132 4182 1270 4247 conubio
1289 4189 1324 4244 85

97 4291 214 4379 jungi⁷;
242 4297 304 4360 hoc
330 4317 394 4360 uno
422 4297 516 4360 modo
541 4300 573 4360 et
595 4295 748 4379 pudorem
770 4292 863 4357 victis
886 4297 919 4357 et
941 4289 1121 4374 superbiam
1143 4289 1272 4355 victori·

100 4395 154 4465 bus
182 4403 306 4467 detrahi
332 4425 433 4486 posse.
478 4401 642 4486 Insperata
668 4399 722 4465 re⁸
749 4400 851 4464 laetus
880 4402 973 4483 pater
1000 4416 1177 4461 sermonem
1206 4396 1273 4480 ejus

148 4525 312 4578 Lattmann,
326 4527 446 4568 cornelius
459 4528 537 4576 Nepos
552 4526 640 4567 emend.
656 4527 678 4565 et
692 4524 767 4574 suppl.
796 4523 840 4562 Itd.
856 4522 923 4562 vm.
1097 4503 1112 4555 7
