3092 4938
690 261 729 322 61

124 455 190 519 quo
214 433 376 500 Thessdlis
399 439 509 499 contra
530 433 757 513 Alexandrum,
780 434 836 519 qui
859 435 942 519 apud
965 433 1124 500 Pheraeos
1146 435 1180 499 in
1200 434 1298 500 Thes·

125 541 209 607 salia
246 541 446 627 tyrannidem
485 546 669 626 occuparat,
708 541 863 607 auxilium
894 541 1042 607 tulerant.
1096 541 1298 626 Pelopidas

121 647 209 713 enim
242 671 315 714 cum
341 647 539 714 Thessaliam
566 649 600 714 in
627 653 817 733 potestatem
844 648 1068 714 Thebanorum
1094 651 1223 731 cuperet
1248 671 1298 713 re·

124 756 232 841 digere
270 757 501 842 legationisque
529 757 601 841 jure
632 756 709 820 satis
741 760 861 822 tectum
891 777 925 820 se
956 755 1175 834 arbitraretur,
1211 755 1298 839 quod

122 864 208 947 apud
236 885 344 928 omnes
372 868 482 948 gentes
510 867 654 928 sanctum
682 884 749 928 esse
776 861 990 942 consuesset²,
1018 883 1037 926 a
1064 866 1198 946 tyranno
1221 859 1333 926 Ale-5

123 969 244 1034 xandro
260 968 413 1034 ‘Pheraeo
446 969 541 1034 simul
573 991 645 1034 cum
676 968 813 1034 Ismenia
839 969 947 1054 legato
974 966 1238 1054 comprehensus²
1264 968 1297 1032 in

122 1076 253 1140 vincula
276 1073 435 1159 conjectus
459 1080 515 1141 est.
553 1073 636 1140 Tum
651 1073 887 1159 Epaminondas
907 1097 980 1139 eum
1000 1075 1197 1159 recuperarit
1211 1074 1297 1140 bello

122 1203 315 1268 persequens
338 1179 563 1247 Alexandrum.
608 1179 687 1246 Post
713 1181 803 1245 illam
832 1181 996 1266 perfidiam
1018 1203 1182 1265 nunquam
1204 1180 1297 1245 Pelo·

122 1287 213 1373 pidas
237 1287 341 1352 animo
364 1287 484 1372 placari
506 1287 612 1372 potuit
633 1287 667 1352 in
692 1309 773 1366 eum,
796 1309 815 1352 a
839 1309 901 1371 quo
918 1291 987 1352 erat
1001 1287 1148 1352 violatus.
1186 1286 1298 1372 Itaque

122 1394 281 1479 persuasit
327 1393 500 1473 Thebanis,
545 1397 583 1458 ut
629 1393 769 1458 subsidio
818 1393 980 1458 Thessalis
1026 1394 1299 1478 proficiscerentur
1318 1399 1351 1455 10

122 1506 339 1585 tyrannosque
362 1501 564 1584 expellerent.
603 1499 701 1585 Cujus
724 1500 803 1565 belli
826 1523 898 1566 aum
921 1500 950 1565 ei
973 1523 1096 1566 summa
1119 1504 1201 1565 esset
1225 1502 1300 1566 data

122 1631 226 1692 eoque
258 1631 330 1674 cum
362 1609 502 1673 exercitu
533 1609 694 1692 profectus
724 1614 822 1686 esset,
852 1631 917 1673 non
945 1606 1134 1689 dubitavit⁸,
1166 1609 1300 1673 simulac

126 1716 290 1800 conspexit
315 1715 454 1793 hostem,
483 1713 660 1801 confligere.
710 1714 748 1780 In
776 1738 840 1800 quo
867 1715 989 1800 proelio
1017 1715 1234 1780 Alexandrum
1262 1719 1299 1779 ut

125 1821 359 1900 animadvertit,
381 1823 527 1887 incensus
550 1821 598 1886 ira
622 1844 739 1906 equum
761 1823 796 1886 in
819 1845 891 1888 eum
914 1821 1102 1887 concitarit4
1124 1822 1299 1907 proculque

125 1929 285 2014 digressus
314 1951 333 1992 a
359 1929 425 1993 suis
452 1927 524 1994 telis
553 1929 718 1994 confossus
742 1929 884 1996 concidit.
930 1928 1038 2014 Atque
1061 1929 1120 1994 hoc
1143 1927 1299 1995 secunda⁶
1319 1932 1352 1986 15

127 2035 258 2100 victoria
285 2035 410 2113 accidit;
441 2059 516 2100 nam
539 2036 609 2120 jam
635 2035 805 2101 inclinatae
833 2040 923 2102 erant
950 2040 1157 2122 tyrannorum
1180 2036 1298 2121 copiae.

126 2141 195 2218 Quo
233 2141 318 2206 facto
351 2163 458 2207 omnes
490 2142 674 2208 Thessaliae
706 2143 850 2208 civitates
880 2143 1082 2208 interfectum
1113 2143 1299 2227 Pelopidam

126 2247 250 2312 coronis
290 2247 393 2312 aureis
425 2253 458 2312 et
490 2250 604 2314 statuis
637 2250 741 2314 aeneis
773 2250 954 2335 liberosque
987 2250 1054 2334 ejus
1086 2250 1187 2316 multo
1220 2270 1297 2335 agro

127 2354 291 2420 donarunt.
346 2353 398 2420 Sic
434 2355 514 2420 obiit
537 2354 719 2440 Pelopidas,
757 2356 857 2422 altera
887 2355 1042 2441 persona‘*
1074 2355 1206 2436 Thebis,
1244 2356 1299 2420 sed

124 2463 231 2525 tamen
257 2461 394 2526 secunda
415 2461 461 2525 ita
482 2465 520 2526 ut
541 2462 685 2547 proxima
708 2467 790 2528 esset
812 2463 1056 2548 Epaminondae.
1316 2473 1351 2529 20

172 2626 221 2686 19.
268 2620 362 2686 Anno
388 2627 451 2685 362
480 2625 629 2705 quartum
651 2622 886 2706 Epaminondas
917 2623 1052 2688 maximo
1078 2624 1217 2688 exercitu
1239 2622 1298 2686 im·

125 2731 234 2809 petum
257 2725 291 2790 in
305 2725 564 2811 Peloponnesum
578 2727 664 2808 feeit,
686 2731 723 2792 ut
738 2727 877 2794 Arcades
893 2728 1051 2795 liberaret.
1089 2729 1167 2794 (lum
1182 2729 1298 2794 Manti-

126 2855 216 2896 neam
239 2832 392 2916 oppidum
414 2833 701 2898 aLaoedaemoniis
725 2839 852 2918 captum
875 2839 1083 2919 oppugnaret,
1105 2838 1191 2899 ratus
1206 2855 1299 2918 posse

123 2939 391 3004 Lacedaemonem
420 2940 580 3024 occupari,
608 2940 635 3005 si
664 2941 746 3005 olam
768 2940 969 3025 Agesilao,
997 2941 1051 3026 qui
1079 2941 1162 3024 apud
1184 2940 1298 3005 Manti-

124 3068 216 3112 neam
239 3051 343 3111 castra
365 3046 516 3126 habebat,
543 3047 703 3130 profectus
727 3053 822 3127 esset,
850 3053 943 3112 nocte
967 3049 1094 3113 crebros
1116 3047 1207 3133 ignes
1229 3047 1299 3112 fieri
1317 3059 1350 3113 25

122 3151 253 3238 jussit1,
285 3157 321 3216 ut
352 3152 456 3236 specie
488 3153 671 3217 remanendi
702 3154 875 3219 occultaret
901 3153 1137 3238 profectionem.
1185 3153 1298 3236 Neque

123 3265 231 3325 tamen
262 3259 394 3344 aggredi
416 3259 559 3324 incautos
582 3260 700 3343 potuit3
728 3261 845 3345 quippe
867 3283 957 3326 senes
980 3265 1012 3324 et
1035 3263 1138 3323 cetera
1159 3258 1298 3323 imbellis

122 3371 226 3446 aetas,
255 3387 327 3430 oum
354 3366 525 3430 adventum
551 3365 693 3430 hostium
715 3366 969 3450 praesensissent,
993 3365 1106 3429 armati
1129 3369 1298 3430 occurrunt

123 3493 314 3559 pugnaeque
337 3493 371 3536 se
394 3471 541 3550 offerunt,
564 3475 620 3536 aut
642 3472 831 3538 vincendum
853 3473 914 3538 sibi
939 3476 993 3536 aut
1012 3471 1211 3537 moriendum
1226 3493 1297 3536 cen-

121 3585 237 3645 sentes.
287 3577 387 3642 Pauci
417 3577 517 3664 igitur
548 3599 638 3643 senes
671 3579 848 3644 sustinuere
880 3579 992 3658 aciem,
1025 3578 1124 3643 donec
1155 3578 1299 3665 Agesilai
1316 3589 1351 3646 30

123 3688 265 3752 adventu
286 3685 432 3750 nuntiato
456 3683 600 3750 Thebani
622 3691 827 3752 recesserunt.

170 3853 222 3911 20.
267 3845 364 3930 Apud
390 3845 623 3911 Mantineam
655 3845 871 3931 depugnatum
899 3848 955 3910 est.
1005 3843 1077 3928 Ipse
1104 3843 1297 3928 Epaminon·

123 3953 181 4018 das
218 3953 392 4036 imperator
424 3973 496 4018 cum
549 3953 704 4018 instructa
736 3952 801 4017 acie
854 3951 1003 4016 audacius
1034 3951 1167 4016 instaret
1197 3949 1297 4015 hosti·

125 4059 195 4139 bus,
222 4059 363 4144 graviter
389 4061 572 4125 vulneratus
601 4063 661 4138 est;
693 4081 768 4123 nam
795 4079 867 4122 cum
890 4057 1036 4143 cognitus
1059 4062 1140 4122 esset
1163 4079 1182 4121 a
1203 4055 1298 4121 Lace-

124 4165 314 4245 daemoniis,
341 4166 427 4251 quod
452 4167 487 4230 in
513 4165 607 4230 unius
634 4165 703 4249 ejus
728 4163 866 4247 pernicie
893 4165 1014 4249 patriae
1042 4163 1177 4228 salutem
1203 4162 1297 4229 sitam
1316 4174 1350 4228 35

125 4274 291 4355 putabant,
313 4272 452 4338 universi
473 4272 507 4336 in
530 4295 629 4337 unum
651 4272 804 4355 impetum
826 4271 970 4336 fecerunt
991 4293 1093 4356 neque
1115 4271 1203 4354 prius
1227 4271 1298 4336 abs·

127 4384 302 4460 cesserunt,
342 4377 458 4464 quam1
495 4399 615 4464 magna
651 4378 745 4443 caede
782 4378 868 4445 facta
903 4379 1008 4462 ipsum
1043 4378 1297 4462 Epaminondam
