3100 4936
727 265 790 324 215

325 438 552 513 oppugnat.
599 436 737 496 Subsidio
767 435 1008 525 Lacedaemoniis
1036 438 1118 498 venit
1146 438 1372 498 Atheniensium

323 543 429 584 manus
449 525 598 601 Iphicrate
618 525 702 585 duce.

244 623 392 698 Pelopi
406 622 475 681 das
501 623 649 682 Thessalis
679 625 781 682 contra
806 622 1008 683 Alexandnnn
1033 625 1198 684 Pheraeum
1228 626 1372 684 auxilium

324 713 420 771 ferens
442 712 473 770 in
493 713 608 788 proelio
630 713 745 772 occisus
765 715 816 772 est.

142 819 202 878 362
244 818 391 890 Quartum
420 819 638 894 Epaminondas
668 820 814 896 impetum
844 820 876 878 in
909 820 1145 896 Peloponnesum
1175 821 1257 891 fecit3
1292 820 1375 896 apud

323 908 576 967 Mantineam
602 909 805 986 depugnatum
826 912 878 968 est.
919 910 973 986 Mp.
993 910 1166 969 vulneratus
1188 909 1271 969 obiit.

244 1005 472 1082 Agesilaus
512 1025 598 1065 senex
639 1025 784 1065 annorum
824 1007 974 1084 octoginta
1008 1006 1139 1066 subsidio
1175 1007 1307 1067 Tacho
1342 1007 1375 1064 in

325 1094 497 1172 Aegyptum
518 1095 670 1170 profectus
690 1095 824 1154 decessit.
869 1131 871 1137 ι

144 1201 202 1259 355
243 1201 409 1260 Bellum
440 1202 610 1260 sociale.
651 1201 767 1277 Chares,
790 1201 937 1278 Chabrias,
958 1203 1139 1262 Timotheus.

566 1336 640 1395 Res
669 1336 948 1396 Macedonum.

245 1451 409 1510 Phoceu
443 1471 483 1510 es
509 1471 577 1510 cum
591 1472 609 1510 a
622 1451 766 1510 Thebanis
787 1451 867 1528 apud
888 1471 1042 1512 commune
1057 1451 1194 1512 Graeciae
1216 1452 1373 1511 concilium

326 1541 455 1600 accusati
485 1543 568 1599 tanta
597 1541 722 1616 pecunia
751 1541 882 1600 damnati
912 1544 1018 1613 essent,
1054 1543 1195 1617 quantam
1225 1541 1374 1599 exsolvere

325 1649 384 1689 non
412 1633 543 1706 possent,
573 1630 734 1707 desperatis
763 1630 852 1700 rebus
880 1631 1027 1707 templum
1051 1630 1201 1707 Apollinis
1231 1631 1372 1706 exspolia

322 1722 437 1778 verunt.
484 1719 726 1778 Philomelo
757 1722 787 1778 et
817 1719 1074 1779 Onomarcho
1105 1720 1232 1779 ducibus
1257 1719 1372 1777 bellum

325 1808 477 1883 Thebanis,
499 1807 704 1881 Locrensibus,
725 1808 871 1868 Thessalis
892 1809 1066 1868 intulerunt.

245 1906 395 1966 Adversus
430 1926 479 1966 ecs
513 1905 642 1966 Thebani
678 1907 867 1984 Thessalique
901 1907 1146 1984 Philippum
1179 1907 1372 1966 Macedonum

326 2015 426 2072 regem
466 1996 617 2055 advocant.
673 1995 731 2066 Qui
770 2015 839 2054 cum
876 1996 964 2055 victis
1002 1995 1200 2056 Phocensibus
1235 1993 1376 2054 Graeciae

326 2084 433 2143 finibus
468 2085 730 2161 appropinquaret,
765 2085 957 2144 Athenienses
991 2085 1293 2161 Thermopylas
1327 2103 1373 2142 oc-

327 2177 519 2250 cupaverunt.

146 2279 205 2338 349
246 2279 367 2340 Macedo
412 2280 640 2358 Olynthios
679 2281 870 2358 aggreditur3
919 2281 1195 2341 Demosthene
1235 2280 1376 2339 suadente

325 2369 519 2430 Athenienses
540 2369 689 2448 Olynthiis
710 2371 821 2429 auxilia
840 2370 974 2428 mittunt.

145 2474 204 2533 348
247 2475 323 2536 Urbs
342 2477 509 2553 proditione
531 2479 618 2553 capta
637 2477 773 2536 funditus
794 2477 946 2536 evertitur.

248 2573 351 2652 Legati
380 2575 415 2634 de
444 2595 516 2652 pace
546 2575 582 2634 ab
608 2575 839 2635 Atheniensibus
863 2575 1033 2634 mittuntur.
1080 2575 1289 2650 (Philocrates,
1319 2575 1374 2633 Ae

326 2665 448 2737 schines,
469 2665 701 2742 Demosthenes.)

247 2759 404 2838 Philippus
428 2762 693 2840 Thermopylarum
721 2763 873 2840 angustias
900 2765 1039 2839 occupat,
1064 2761 1227 2821 Phocenses
1252 2762 1375 2838 subigit.

246 2859 371 2919 Decreto
414 2859 768 2937 Amphictyonum
808 2859 1011 2920 Phocensibus
1051 2879 1066 2916 e
1106 2860 1231 2919 concilio
1274 2861 1376 2936 ejectis

325 2948 482 3026 Philippus
503 2951 535 3007 in
555 2967 658 3008 eorum
678 2950 780 3008 locum
799 2950 950 3025 recipitur.

247 3044 420 3104 Perinthum
442 3049 471 3104 et
483 3045 732 3123 Byzantium
754 3046 848 3105 socios
870 3063 939 3105 suos
952 3045 1145 3104 Athenienses
1164 3045 1374 3106 Phocione

326 3134 401 3194 duce
423 3135 540 3194 auxiliis
560 3135 657 3194 missis
678 3155 696 3193 a
715 3134 856 3210 Philippo
878 3135 1046 3194 defendunt.

246 3239 476 3302 Locrenses
496 3242 761 3319 Amphissaei
787 3241 823 3300 ab
837 3241 1105 3319 Amphictyonibus
1125 3241 1273 3318 sacrilegii
1294 3242 1374 3300 dam-

306 3331 368 3390 nati
398 3350 467 3391 oum
496 3351 555 3391 non
584 3333 733 3418 parerent,
764 3329 802 3389 ad
830 3331 862 3389 id
890 3330 1004 3389 bellum
1029 3331 1189 3408 gerendum
1213 3329 1373 3406 Philippus

326 3438 344 3478 a
364 3421 487 3480 concilio
507 3421 669 3496 imperator
689 3423 805 3480 creatus
826 3422 877 3479 est.

246 3525 402 3603 Philippus
432 3527 619 3586 Elateam
651 3531 786 3605 occupat.
830 3527 907 3586 Tum
937 3527 1064 3604 denique
1092 3526 1286 3585 Athenienses
1315 3526 1373 3585 sibi

327 3617 535 3692 communique
551 3615 690 3676 Graeciae
704 3617 837 3676 libertati
856 3619 1022 3676 metuentes
1034 3615 1230 3675 Demosthene
1251 3619 1373 3674 auctore

325 3705 430 3765 foedus
451 3725 519 3765 cum
541 3706 686 3765 Thebanis
706 3707 818 3764 ineunt.

145 3809 204 3870 338
245 3809 319 3870 Acie
340 3811 543 3888 depugnatum
565 3815 610 3871 est
630 3813 667 3871 ad
689 3812 966 3872 Chaeroneam
992 3811 1135 3887 oppidum
1154 3811 1185 3869 in
1205 3810 1338 3870 Boeotia.

145 3917 204 3976 336
246 3916 380 3978 Corinthi
411 3919 535 3978 concilio
562 3917 743 3978 Graecorum
766 3919 927 3995 Philippus
957 3919 1017 3978 dux
1045 3919 1117 3977 belli
1143 3921 1244 3978 contm
1269 3918 1373 3977 Persas

326 4007 446 4086 gerendi
467 4008 640 4067 declaratus.
663 4041 698 4052 -
720 4007 775 4068 Ph.
795 4007 886 4085 Aegis
907 4006 1101 4067 obtruncatus
1121 4010 1173 4066 est.

143 4085 207 4179 {33⁶3
247 4113 485 4174 Alexander
509 4114 680 4193 Magnus
701 4113 836 4175 Corinthi
857 4133 990 4174 summus
1011 4113 1191 4174 Graecorum
1211 4115 1374 4190 imperator

145 4202 205 4260 323
327 4205 359 4262 in
372 4204 467 4281 patris
479 4205 580 4264 locum
594 4205 752 4265 sufficitur.
788 4204 947 4282 (Diogenes
961 4203 1088 4282 Cynicus
1106 4205 1138 4262 in
1152 4202 1261 4263 Craneo
1282 4203 1373 4280 luco.)

246 4309 462 4371 Thebanos
495 4312 662 4371 deficientes
696 4311 852 4388 oppressit,
886 4311 991 4370 urbem
1025 4329 1129 4370 eorum
1158 4310 1264 4382 diruit,
1299 4309 1373 4368 solis

325 4397 500 4460 Pindari
525 4403 629 4477 poetae
650 4402 777 4477 posteris
796 4399 1010 4476 penatibusque
1031 4401 1112 4476 parci
1130 4400 1229 4476 jussit.
