3074 4934
691 201 753 264 14v

549 377 603 444 11.
642 377 808 446 Viatores
832 380 869 446 11
891 379 999 448 latro.

240 503 314 568 Dua
336 524 432 587 quum
454 501 638 568 incidissent
659 501 693 566 in
715 501 872 568 latronem
894 503 1020 585 milites,

239 609 332 675 Unus
354 609 507 694 profugit,
530 609 610 673 alter
633 612 739 674 autem
761 609 878 674 restitit

239 715 284 781 Et
305 715 476 780 vindicavit
499 737 566 780 sese
588 714 666 780 forti
689 715 824 782 dextera.

239 821 372 887 Latrone
396 821 500 887 occiso
522 821 655 886 timidus
678 821 814 887 accunit
836 843 940 887 comes

239 929 437 1014 Stringitque
459 928 611 1014 gladium,
634 928 703 992 dein
725 928 843 1012 rejecta
864 929 1014 1012 paenula:

242 1034 360 1114 „Gedo‘
387 1035 492 1120 inquit
519 1035 642 1112 „illum:
662 1034 731 1118 jam
754 1034 880 1113 curabo,
904 1036 1029 1115 sentiat,

239 1140 324 1218 Quos
347 1141 576 1226 adtemptarit.“
626 1139 716 1206 Tunc
739 1141 795 1224 qui
817 1141 1066 1226 depugnaverat:

241 1247 379 1327 ,Vellem
401 1248 471 1314 istis
493 1248 597 1313 verbis
619 1248 728 1312 saltem
751 1247 924 1331 adjuvisses
947 1250 1056 1328 modo;

238 1355 440 1421 Constantior
463 1354 593 1420 fuissem
615 1376 690 1419 vera
713 1354 905 1419 existimans.

236 1461 332 1527 Nunc
355 1462 452 1527 conde
474 1462 592 1526 ferrum
614 1465 646 1526 et
668 1461 811 1546 linguam
834 1461 954 1545 pdriter
976 1461 1110 1543 futilem,

235 1567 281 1634 Ut
303 1571 405 1654 possis
428 1569 507 1634 alios
529 1569 713 1654 ignorantes
735 1567 854 1634 fallere.

235 1675 317 1761 Ego,
340 1676 394 1761 qui
417 1699 485 1741 sum
508 1681 664 1761 expertus,
687 1675 816 1760 quantis
838 1674 942 1760 fugias
965 1675 1095 1758 viribuS,

236 1781 309 1848 Scio
334 1805 428 1868 qnam
451 1783 562 1848 virtuti
584 1805 649 1848 non
672 1782 715 1847 sit
737 1782 926 1846 credendum
949 1786 1031 1850 tuae.

514 1927 568 1994 11.
607 1925 766 2010 Aesopus
790 1928 828 1993 et
851 1927 1018 2010 scriptor.

233 2049 360 2135 Aesopo
384 2051 513 2136 quidam
537 2050 653 2135 scripta
674 2053 826 2115 recitarat
848 2050 941 2129 mala,

233 2155 270 2221 11
294 2173 366 2241 quis
388 2158 494 2242 inepte
517 2158 653 2223 multum
677 2179 710 2221 se
730 2157 914 2240 jactaverat.

233 2263 316 2328 Scire
339 2286 415 2350 ergo
439 2264 567 2348 cupiens
591 2264 741 2348 quidnam
764 2263 896 2327 sentiret
920 2284 1024 2343 senex,

236 2370 418 2456 „Numquid
440 2371 518 2436 tibi“
545 2371 650 2455 inquit
677 2392 766 2449 „sum
788 2369 874 2433 visus
897 2369 1083 2454 superbior?

232 2476 326 2543 Haud
348 2501 429 2544 vana
451 2479 542 2543 nobis
564 2478 673 2563 ingeni
695 2477 809 2542 fiducia
831 2481 902 2541 est}

232 2582 398 2650 Confectus
421 2585 476 2650 1111
499 2585 635 2670 pessimo
657 2583 831 2648 volumine:

235 2690 339 2776 „ng‘
366 2691 479 2776 inquit,
506 2692 610 2777 „quod
633 2694 665 2756 11
688 2691 808 2770 laudas,
829 2691 1032 2756 vehementer
1053 2693 1165 2777 probo,

228 2795 372 2883 Namque
393 2798 455 2864 hoc
478 2798 518 2863 ab
542 2799 605 2864 alio
628 2820 790 2882 nunquam
813 2799 976 2883 continget
997 2798 1098 2884 tibia

490 2941 544 3008 13.
582 2941 635 3008 De
657 2942 739 3008 lusu
762 2942 800 3008 et
823 2941 1026 3010 severitate.

228 3061 385 3128 Pueorum
407 3064 441 3128 in
464 3065 559 3130 turba
581 3065 710 3149 quidam
732 3064 890 3129 ludentem
912 3065 1039 3130 Atticus

227 3170 391 3254 Aesopum
413 3171 545 3236 nucibus
569 3193 640 3236 cnm
663 3172 801 3250 vidisset,
823 3171 941 3235 restitit

226 3276 270 3342 Et
293 3278 384 3362 qudsi
407 3277 539 3344 delirum
562 3279 640 3343 risit.
687 3275 779 3354 Quod
802 3277 901 3342 sensit
923 3277 1018 3342 simul

227 3383 359 3449 Derisor
380 3385 488 3470 potius
512 3408 607 3470 quam
630 3385 809 3450 diridendus
833 3405 938 3463 senex,

225 3489 345 3556 Arcum
367 3496 527 3556 retensum
549 3491 657 3576 posuit
678 3492 712 3555 in
734 3491 837 3556 media
859 3491 925 3556 via:

229 3596 366 3675 „Haust‘
393 3598 505 3683 inquit,
533 3599 683 3683 „sapiens
707 3597 826 3683 expedi,
850 3599 926 3682 quid
948 3597 1104 3664 fecerim.¹‘

225 3703 392 3770 Concurrit
413 3705 558 3790 pdpulus.
604 3703 663 3770 1111
686 3727 719 3770 11
742 3709 871 3790 torquet
894 3705 947 3771 diu

224 3810 293 3876 Neo
317 3811 510 3896 quaestionis
532 3811 655 3896 positae
679 3833 805 3877 oausam
828 3812 989 3897 intelligit.

222 3916 404 3983 Novissime
427 3918 610 3984 succumbit.
656 3917 739 3982 Tum
761 3919 862 3982 victor
885 3919 1016 4003 sophus:

227 4024 435 4109 „Corrumpes
458 4047 574 4104 arcum,
597 4047 720 4108 semper
743 4025 770 4089 si
788 4025 915 4089 'tensum
936 4025 1100 4106 habueris;

222 4131 268 4197 At
290 4131 317 4196 si
339 4132 466 4212 laxaris,
489 4155 561 4198 cum
582 4131 671 4197 voles
695 4132 755 4196 erit
777 4131 876 4196 utilis.

221 4238 273 4304 Sic
295 4238 389 4303 ludus
413 4238 517 4304 auimo
542 4239 634 4303 debet
657 4237 828 4322 dliquando
852 4237 929 4318 dari,

220 4343 271 4409 Ad
295 4345 500 4430 cogitandum
522 4345 635 4410 melior
657 4349 694 4410 ut
715 4345 822 4409 rideat
844 4344 929 4410 tibi!
1072 4433 1126 4492 10*
