3074 4934
665 257 725 318 111

100 428 289 513 patrociniis
305 429 462 497 utebatur.
482 430 568 496 Nam
582 430 1087 516 popularesPolysperchonti
1102 433 1282 512 favebant⁸,

101 536 158 621 qui
188 541 259 602 tum
290 536 375 622 regis
402 536 544 622 Philippi
570 538 739 604 Arrhidaei
770 539 905 606 tutelam
934 539 1082 624 gerebat,
1110 539 1279 623 optimates

101 665 176 708 cum
200 641 376 708 Cassandro
403 643 611 710 sentiebantl.
656 643 788 710 Interim
815 645 1124 730 aPolysperohonte
1145 645 1280 720 Cassan·

99 751 157 814 der
179 749 366 815 Macedonia
392 751 503 835 pulsus
530 755 585 816 est.
632 749 701 827 Quo
729 751 813 816 facto
841 753 979 836 populus
1007 752 1148 836 superior
1175 752 1278 820 factus

99 857 212 922 statim
250 857 344 921 duces
382 857 579 923 adversariae
616 857 765 922 factionis
803 858 915 941 capitis
953 859 1126 938 accusavit,
1163 859 1197 924 in
1228 859 1316 924 his5

98 963 339 1029 Phocionem.
391 962 453 1040 Qui
484 986 556 1029 cum
585 964 624 1028 ad
651 965 757 1047 ipsum
785 964 1090 1048 Polysperohontem
1117 959 1278 1049 profectus

98 1075 196 1151 esset,
223 1075 259 1135 ut
286 1093 413 1136 cansam
441 1070 570 1149 diceret,
598 1071 632 1135 in
660 1071 837 1136 custodiam
865 1071 1025 1155 conjectus
1053 1071 1197 1137 Athenas
1225 1074 1277 1137 de·

98 1179 212 1242 ductus
236 1181 298 1257 est,
320 1181 356 1242 ut
378 1177 424 1241 ibi
447 1178 484 1242 de
508 1199 545 1243 eo
569 1176 714 1262 legibus⁸
736 1178 826 1242 fieret
845 1177 1009 1262 judicium.
1054 1177 1127 1242 Huc
1149 1185 1185 1244 ut
1207 1201 1277 1263 per-

96 1289 229 1349 ventum
263 1288 324 1363 est,
356 1306 428 1349 cum
460 1287 591 1369 propter
623 1289 759 1350 aetatem
790 1284 945 1369 pedibus⁹
973 1285 1040 1369 jam
1068 1307 1132 1350 non
1159 1285 1278 1360 valeret

96 1388 344 1475 vehiculoque¹⁰
367 1395 559 1476 portaretur,
586 1390 694 1476 magni
717 1413 887 1458 concursus
910 1396 984 1456 sunt
1006 1391 1099 1471 facti,
1126 1414 1198 1456 oum
1221 1392 1276 1456 alii
1297 1402 1333 1457 10

96 1497 371 1563 reminiscentes¹l
408 1497 523 1563 veteris
556 1498 659 1562 famae
691 1499 804 1562 aetatis
836 1496 1108 1577 misererenturffl,
1146 1499 1277 1583 plurimi

96 1627 174 1670 vero
197 1605 245 1669 ira
268 1609 501 1685 exacuerentur,
525 1605 611 1689 quod
634 1605 783 1670 adversus
805 1604 916 1689 populi
939 1605 1103 1669 commoda
1121 1605 1155 1668 in
1171 1627 1276 1670 senec·

96 1717 167 1777 tute
190 1711 336 1777 stetisset.
374 1710 477 1789 Quare
499 1733 539 1775 ne
562 1711 730 1795 perorandi
753 1711 880 1796 quidem
903 1711 932 1775 ei
954 1711 1029 1775 data
1044 1709 1125 1774 est18
1140 1710 1276 1776 facultas

97 1818 215 1884 dicenti
240 1839 369 1884 causam
396 1817 430 1882 in
454 1816 587 1901 judicio;
618 1817 772 1902 legitimis
800 1817 990 1901 quibusdam
1012 1816 1164 1882 confectis
1188 1817 1275 1881 dam·

94 1929 205 2004 natus,
232 1923 367 1990 traditus
396 1927 444 1988 est
470 1923 706 2003 undecimriris,
734 1923 848 2008 quibus
875 1924 916 1988 ad
939 1921 1163 2006 supplicium¹4
1186 1945 1274 1990 more
1296 1935 1331 1988 15

96 2031 342 2098 Atheniensium
372 2031 500 2116 publice
528 2031 668 2098 damnati
695 2032 779 2098 uadi
806 2031 917 2098 solent
967 2029 1047 2096 dum
1074 2031 1114 2096 ad
1140 2036 1274 2098 mortem

96 2141 277 2218 duceretur,
310 2139 421 2206 obvius
454 2139 483 2206 ei
513 2139 575 2206 fuit
608 2140 812 2222 Euphiletus,
844 2160 908 2222 qno
940 2137 1140 2202 familiariter
1171 2138 1275 2204 fuerat

94 2270 182 2312 usus
226 2246 258 2312 le
286 2270 358 2313 cum
381 2247 554 2314 lacrimans
583 2247 726 2312 dixisset:
760 2245 786 2311 Ο
817 2267 912 2329 quam
938 2245 1069 2329 indigna
1091 2245 1274 2329 perpeteris,

95 2355 257 2420 Phocion!
288 2355 363 2420 huic
394 2354 449 2420 ille
486 2353 549 2433 ,At
580 2376 646 2420 nou
677 2354 871 2436 inopinata¹⁸,
903 2351 1015 2434 inquit.
1062 2350 1157 2416 Hunc
1189 2352 1273 2418 enim
1292 2362 1308 2395 *

95 2463 218 2528 exitum
240 2462 383 2546 plerique
406 2462 485 2526 clari
507 2461 568 2526 viri
590 2462 771 2528 habuerunt
793 2458 1012 2526 Athenienses.
1291 2468 1330 2522 20

143 2682 173 2742 3.
219 2674 362 2740 Phocion
390 2674 468 2740 etsi1
493 2696 585 2759 saepe
609 2675 798 2740 exercitibus
820 2672 959 2758 praefuit
981 2692 1183 2757 summosque
1205 2673 1272 2738 ma-

94 2783 251 2868 gistratus
274 2782 367 2866 cepit,
389 2786 495 2848 tamen
519 2781 641 2846 multo²
665 2782 731 2866 ejus
753 2779 860 2846 notior
878 2778 1045 2864 integritas
1060 2778 1153 2858 vitae,
1177 2801 1272 2862 quem

93 2889 141 2954 rei
179 2887 327 2954 militaris
365 2888 468 2964 lahor3
507 2909 545 2952 ex
577 2909 640 2971 quo
673 2887 862 2972 cognomina
893 2885 1002 2950 Bonus
1035 2884 1191 2970 (χρηστός)
1225 2889 1273 2950 est

93 2995 284 3080 appellatus.
322 2993 399 3060 Fuit
422 2993 505 3058 enim
527 2998 681 3077 perpetuo
704 3014 835 3076 pauper,
858 2989 952 3058 cnm⁸
975 2990 1180 3056 divitissimus
1203 3013 1270 3056 esse

93 3106 204 3186 posset
230 3106 361 3185 propter
387 3101 568 3185 frequentes
591 3101 727 3166 honores
749 3103 985 3183 potestatesque
1008 3121 1162 3176 summas,
1191 3116 1271 3182 quae
1290 3108 1328 3160 25

94 3209 123 3274 ei
151 3233 171 3274 a
197 3207 318 3292 populo
346 3206 578 3273 deferebantur.
624 3205 704 3271 Cum
725 3228 857 3272 munera
879 3225 1014 3288 magnae
1036 3202 1207 3287 pecuniae4
1230 3203 1270 3268 ab

93 3315 267 3399 Antipatro
296 3315 392 3379 missa
419 3313 600 3397 repudiaret
621 3313 784 3398 legatique
805 3312 1021 3387 hortarentur,
1049 3315 1085 3374 ut
1107 3309 1271 3392 acciperet,

93 3421 252 3505 simulque
280 3422 500 3498 admonerent,
528 3419 556 3484 si
582 3419 650 3502 ipse
672 3419 722 3483 his
745 3418 838 3482 facile
862 3415 1009 3494 careretl,
1032 3415 1140 3479 liberis
1163 3419 1270 3479 tamen

94 3530 159 3594 suis
190 3525 417 3612 prospiceret⁰,
449 3526 565 3611 quibus
597 3525 726 3592 difficile
758 3529 840 3590 esset
870 3524 904 3587 in
932 3544 1055 3588 summa
1082 3526 1271 3605 paupertate

95 3639 218 3700 tantam
256 3638 421 3716 paternam
452 3632 535 3698 tueri
566 3632 717 3718 gloriam,
754 3631 804 3694 his
835 3629 903 3694 ille:
953 3627 1006 3708 ,Si
1038 3627 1100 3692 mei
1132 3628 1271 3694 similes⁷
1289 3639 1328 3694 30

94 3739 219 3819 erunt⁸,
251 3741 335 3806 idem
362 3740 427 3819 hic,
455 3739 573 3824 inquit,
601 3739 725 3826 agellus
752 3738 826 3802 illos
853 3736 930 3815 alet,
958 3735 1013 3820 qui
1041 3756 1092 3799 me
1121 3736 1161 3801 ad
1188 3737 1271 3802 hanc

94 3848 282 3934 dignitatem
309 3847 470 3932 perduxit3
502 3846 551 3912 sin
579 3845 745 3912 dissimiles
774 3848 847 3910 sunt
873 3842 985 3922 futuri,
1013 3841 1088 3906 nolo
1111 3841 1190 3908 meis
1213 3842 1269 3906 im-

93 3955 218 4040 pensis⁰
241 3955 372 4020 illorum
395 3954 439 4020 ali
462 3953 633 4039 augerique
656 3953 847 4018 luxuriam“.

181 4061 305 4128 Panlo²
332 4066 406 4146 post
433 4061 607 4128 Cassander
633 4081 739 4124 rerum
766 4055 922 4144 potitus²⁰
949 4057 1144 4124 Demetrio
1172 4055 1269 4120 Pha·

92 4168 196 4236 lereo
219 4167 364 4234 Athenas
391 4167 580 4255 regendasfl
608 4166 747 4234 tradidit.
793 4165 864 4230 Hac
888 4187 922 4230 re
945 4162 1184 4230 Lacedaemonii
1206 4167 1269 4228 ter·
1288 4169 1326 4224 35

92 4275 148 4340 riti
169 4276 294 4356 urbem,
322 4297 418 4360 quam
440 4297 565 4360 semper
587 4274 697 4352 armis,
719 4295 783 4338 nou
805 4272 905 4336 muris
913 4271 941 4307 ²²
964 4271 1177 4350 defenderant,
1200 4273 1270 4336 tum

93 4387 204 4448 contra
234 4404 385 4468 responsa
416 4382 556 4448 fatorum
585 4387 616 4448 et
642 4385 781 4447 veterem
808 4378 966 4464 majorum
993 4376 1142 4462 gloriam,
1173 4377 1270 4442 armis

1524 1 1528 74 l

1525 99 1528 144 t

1526 211 1528 268 l

1526 457 1528 498 l
