3092 4938
767 252 807 311 68

202 426 413 492 Phocensium
443 425 555 510 legati,
587 423 737 489 adhibitis
769 423 1021 489 Lacedaemoniis
1054 427 1086 488 et
1115 421 1375 501 Atheniensibus,

200 534 321 599 bellum
342 527 602 616 deprecabantur,
625 531 714 614 cujus
737 531 777 594 ab
802 551 839 595 eo
862 530 1047 595 dilationem
1068 533 1118 594 ter
1137 530 1205 614 jam
1224 534 1376 594 emerant.

200 640 382 724 Philippus,
414 643 535 704 secreto
570 639 686 704 auditis
717 637 860 722 utrisque
892 637 1118 723 legationibus,
1148 636 1199 701 his
1230 635 1376 700 veniam²

201 747 279 812 belli
300 747 478 830 pollicetur,
500 745 566 811 illis
589 749 708 826 contra,
730 747 899 810 venturum
922 767 955 809 11
983 745 1199 828 auxiliumque
1226 743 1376 808 latinum.

167 852 362 938 5Utrosque
393 857 481 918 vetat
511 873 624 936 parare
655 851 784 918 bellum.
829 849 882 916 Sic
918 850 1040 915 variato
1071 871 1223 934 responso
1256 849 1377 914 securis

203 959 348 1024 omnibus
371 958 711 1042 Thermopylarum
738 957 902 1042 angustias
929 961 1070 1040 occupat.
1120 955 1211 1021 11111
1236 957 1378 1040 primum

202 1066 382 1130 Phocenses
410 1061 538 1148 captos3
565 1085 600 1129 se
621 1063 732 1128 fraude
754 1062 897 1147 Philippi
919 1063 1202 1128 animadvertentes
1225 1063 1265 1128 ad
1287 1085 1378 1128 arma

204 1171 399 1258 confugiunt.
445 1171 508 1238 Sed
529 1192 630 1254 neque
653 1170 790 1255 spatium
813 1173 881 1234 erat
902 1169 1077 1234 1111111111
1099 1169 1191 1248 belli,
1213 1192 1271 1234 neo
1293 1175 1377 1234 tem-

203 1301 263 1362 pus
292 1279 332 1342 ad
361 1278 574 1343 contrahenda
601 1277 734 1356 auxilia,
762 1280 794 1340 et
815 1275 983 1360 Philippus
1007 1275 1163 1340 excidium
1185 1276 1379 1354 minabatur,

152 1394 186 1449 10
204 1385 266 1450 nisi
288 1386 378 1450 fieret
400 1385 528 1450 deditio.
565 1383 653 1448 Victi
674 1384 775 1468 igitur
797 1383 984 1448 necessitate
1006 1405 1040 1447 se
1063 1382 1255 1448 dediderunt.
1293 1382 1378 1450 Sub-

201 1492 295 1576 jectis
322 1513 410 1556 arma
438 1491 634 1569 adimuntur,
661 1491 850 1575 oppidorum
877 1490 960 1554 muri
983 1490 1194 1555 destruuntur.
1239 1490 1379 1556 Decreto

204 1598 473 1682 Amphictybnum
510 1597 726 1661 Phocensibus
765 1620 782 1661 e
819 1597 954 1662 concilio
994 1597 1101 1680 ejectis
1137 1596 1304 1681 Philippus
1341 1597 1381 1662 in

205 1728 313 1770 eorum
334 1705 439 1769 locum
461 1703 620 1786 recipitur.
665 1703 792 1780 Quare
821 1704 912 1788 quasi
938 1707 1049 1788 portae
1072 1701 1222 1768 Graeciae
1250 1709 1380 1787 apertae

205 1815 288 1876 sunt.
332 1810 464 1875 Duobus
488 1810 578 1874 annis
600 1807 693 1892 post4
716 1832 754 1874 ex
777 1809 1047 1894 Amphictyonum
1075 1809 1199 1874 decreto
1225 1809 1260 1874 in
1282 1810 1381 1875 Pelo-

153 1925 187 1980 15
204 1939 379 2001 ponnesnm
405 1917 566 2000 profectus
594 1921 654 1996 est,
682 1920 720 1981 ut
741 1916 914 1981 Messenios
941 1920 973 1981 et
995 1915 1139 2000 Argivos
1159 1917 1200 1980 ab
1223 1917 1380 1982 Lacedae-

205 2024 319 2088 moniis
349 2022 557 2088 defenderet⁶.
601 2023 851 2106 Lacedaemonii,
874 2022 1023 2107 Philippo
1051 2023 1217 2088 minitante
1244 2045 1300 2108 per
1321 2023 1381 2088 lit-

205 2135 302 2214 teras,
334 2153 367 2195 se
395 2130 514 2210 omnia,
541 2153 623 2214 quae
646 2133 847 2208 conarentur,
869 2129 1118 2212 prohibiturum,
1147 2129 1382 2214 quaesiverunt,

205 2237 301 2304 num⁶
328 2260 361 2303 se
389 2242 472 2304 esset
499 2237 594 2303 etiam
616 2237 698 2302 mori
719 2236 944 2322 prohibiturus.
991 2235 1156 2301 Certamen
1178 2258 1234 2300 rex
1256 2237 1384 2304 vitavit.

253 2441 282 2497 4.
327 2433 483 2497 Reversus
502 2433 537 2496 in
558 2433 694 2516 patriam
715 2432 835 2496 bellum
858 2433 911 2496 diu
935 2431 1166 2496 dissimulatum
1180 2429 1388 2497 Atheniensi·

154 2539 268 2603 20bus
299 2537 416 2604 intulit.
460 2536 547 2602 Nam
578 2559 650 2602 cum
680 2537 903 2602 Perinthum
934 2541 966 2602 et
996 2537 1220 2622 Byzantium
1252 2538 1388 2604 illorum

208 2643 331 2709 socios1
358 2643 596 2728 aggrederetur,
628 2643 838 2708 Athenienses
869 2648 996 2728 ruptam
1028 2665 1095 2708 esse
1125 2665 1235 2726 pacem
1259 2645 1388 2728 judica·

208 2753 322 2816 verunt
359 2753 454 2832 atque
492 2748 664 2813 exercitum
694 2747 889 2814 Phocione
927 2751 1005 2814 duce
1036 2749 1226 2834 Byzantium
1264 2750 1389 2816 auxilio

208 2856 369 2934 miserunt,
392 2854 465 2939 qui²
488 2856 600 2920 urbem
622 2855 793 2921 fortissime
817 2856 964 2920 defendit.
1009 2855 1121 2940 Itaque
1143 2855 1319 2940 Philippus,
1341 2879 1390 2924 ne

209 2962 301 3027 unius
328 2962 416 3026 urbis
444 2963 680 3046 oppugnatione
707 2967 814 3027 tantus
844 2962 998 3028 exercitus
1021 2966 1195 3042 teneretur,
1222 2963 1390 3046 profectus

157 3077 190 3130 25
210 3090 282 3132 cum
318 3067 497 3133 fortissimis
534 3067 721 3134 Chersonesi
756 3070 851 3134 urbes
889 3089 1069 3154 expugnare
1102 3073 1233 3134 conatur
1265 3070 1389 3136 filium-

211 3197 272 3260 que
303 3174 522 3240 Alexandrum
552 3177 660 3241 deoem
692 3179 724 3240 et
756 3180 828 3241 octo
861 3198 960 3241 annos
992 3180 1116 3255 natum,
1152 3179 1189 3241 ut
1224 3177 1286 3241 tiro
1322 3178 1388 3242 sub

177 3287 300 3366 *patre
330 3281 477 3346 militiam
508 3282 652 3362 disceret,
685 3283 724 3346 ad
755 3305 789 3347 se
821 3283 958 3350 arcessit.
1001 3281 1040 3347 In
1063 3281 1225 3366 Scythiam
1257 3305 1390 3367 quoque

210 3389 382 3471 praedandi
413 3411 508 3454 causa
539 3389 699 3473 profectus
731 3393 791 3466 est3
823 3388 938 3474 viginti
964 3389 1053 3453 milia
1079 3409 1248 3471 puerorum
1275 3411 1311 3454 ao
1337 3389 1389 3454 fe-

212 3495 369 3558 minarum
384 3499 484 3577 capta,
506 3496 629 3578 pecoris
651 3515 769 3579 magna
790 3495 847 3574 vis,
870 3496 939 3560 auri
962 3495 1147 3580 argentique
1169 3493 1277 3560 nihil³.
1322 3494 1390 3560 Re-

159 3607 196 3663 31
213 3597 368 3664 vertenti*
400 3601 440 3664 ab
472 3601 603 3686 Scythia
629 3601 779 3686 Philippo
809 3601 945 3666 Triballi
977 3606 1158 3684 occurrunt;
1173 3659 1175 3663 .
1191 3607 1321 3686 negant,
1351 3623 1393 3668 11

214 3706 384 3771 transitum
410 3707 551 3791 daturos,
583 3708 644 3772 nisi
670 3711 794 3792 partem
820 3709 954 3791 praedae
981 3707 1165 3792 accipiant⁵.
1209 3707 1294 3772 Hine
1316 3708 1392 3792 jur-

213 3814 303 3899 gium
335 3817 367 3878 et
393 3833 468 3876 mox
495 3813 665 3896 proelium,
696 3814 730 3878 in
757 3834 821 3898 quo
848 3813 894 3879 ita
921 3815 955 3879 in
982 3814 1100 3880 femore
1127 3815 1310 3880 vulneratus
1338 3821 1394 3882 est

213 3919 389 4004 Philippus,
412 3924 450 3984 ut
464 3941 521 4002 per
544 3941 657 4004 corpus
681 3921 747 4004 ejus
771 3941 871 4004 equus
894 3921 1130 3988 interficeretur.
1176 3921 1255 3986 (lum
1278 3943 1394 3988 omnes

214 4027 351 4092 occisum
374 4029 537 4110 putarent,
564 4027 681 4110 praeda
702 4027 818 4092 amissa
841 4032 896 4092 est.
943 4027 989 4092 Ut
1011 4049 1086 4092 vero
1110 4049 1149 4091 ex
1170 4028 1301 4092 vulnere
1322 4029 1395 4112 pri-

160 4140 195 4196 31
214 4132 321 4198 mum⁶
353 4131 526 4211 convaluit,
556 4133 590 4197 in
618 4132 782 4200 Graeciam
814 4155 886 4198 cum
919 4133 1057 4198 exercitu
1084 4133 1243 4218 profecbrs
1271 4138 1318 4198 est
1346 4135 1394 4200 ab

213 4239 291 4324 ipsis
314 4238 441 4304 Graecis
464 4239 642 4305 arcessitus.
