3092 4938
675 278 715 337 65

108 449 223 528 misit⁰,
246 449 307 514 sibi
329 449 468 534 proclive
491 446 623 514 fuisse1⁰
638 449 823 534 Byzantium
848 471 968 533 capere,
991 450 1053 514 nisi
1078 449 1280 517 aTimotheo

109 561 142 620 et
163 555 323 640 Iphicrate
346 557 486 621 desertus
510 560 599 621 esset.
645 555 788 641 Populus
811 578 890 636 acer,
913 557 1060 641 suspicax
1083 557 1125 622 ob
1149 579 1282 642 eamque

109 685 177 727 rem
198 663 328 728 mobilis
351 663 480 728 domum
503 684 557 727 eos
578 666 715 728 revocat.
753 661 952 728 Accusantur
974 663 1171 746 proditionis.
1210 663 1283 728 Hoc

107 769 229 854 judicio
253 771 420 834 damnatur
442 768 628 834 Timotheus
655 768 759 853 lisque
783 769 850 853 ejus
872 768 1055 834 aestimatur
1079 774 1207 834 centurn
1233 775 1282 835 ta-

109 875 247 941 lantisss.
294 876 375 942 Odio
397 877 543 961 ingratae
566 875 703 940 civitatis
727 878 853 941 coactus
877 874 1058 940 Chalcidem
1081 899 1115 941 se
1138 876 1281 942 contulit.
1301 889 1317 941 5

158 1023 186 1082 3.
232 1016 311 1082 Post
333 1017 400 1101 ejus
427 1021 563 1081 mortem
588 1038 661 1080 oum
688 1016 843 1100 populum
866 1015 978 1100 judicii
1005 1016 1054 1080 sui
1080 1017 1282 1100 paeniteret1,

112 1125 233 1190 multae
249 1145 363 1189 novem
385 1123 510 1208 partesl
533 1123 667 1188 detraxit
684 1127 716 1189 et
732 1125 840 1188 decem
862 1123 983 1190 talenta
999 1123 1159 1190 Cononem
1181 1125 1284 1190 filium

110 1233 180 1316 ejus
207 1230 247 1295 ad
276 1229 359 1295 muri
386 1231 545 1314 quandam
576 1234 699 1314 partem
730 1229 929 1295 reficiendam
957 1230 1054 1314 jussit
1082 1231 1162 1296 dare.
1214 1230 1284 1308 Qua

110 1341 144 1403 in
172 1359 207 1402 re
232 1337 379 1402 fortunae
406 1337 542 1402 varietas
570 1341 618 1402 est
645 1334 891 1402 animadversa⁸.
939 1335 1024 1402 Nam
1052 1359 1130 1422 quos
1158 1336 1285 1403 muros⁴

112 1467 190 1509 avus
218 1443 326 1509 Conon
359 1466 397 1508 ex
427 1444 562 1528 pecunia
593 1467 612 1509 a
643 1443 748 1509 Persis
780 1449 911 1528 accepta
942 1444 1062 1527 patriae
1094 1444 1338 1524 restituerat,10

113 1549 259 1616 eosdem⁴
282 1573 381 1636 nepos
405 1573 444 1616 ex
467 1574 524 1616 sua
547 1574 581 1616 re
603 1551 754 1615 familiari
776 1551 904 1616 reficere
927 1555 1054 1616 coactus
1077 1555 1133 1618 est.
1178 1552 1285 1617 Timo·

113 1658 181 1724 thei
213 1661 320 1723 autem
350 1658 530 1723 moderatae
562 1657 776 1742 sapientisque
807 1658 892 1722 vitae
925 1656 1016 1722 oum⁶
1046 1658 1147 1723 multa
1184 1659 1285 1742 possi·
1304 1669 1319 1698 *

112 1788 183 1830 mus
206 1765 348 1848 proferre
371 1765 561 1844 testimonia,
584 1787 648 1829 uno
672 1765 788 1828 erimus
804 1763 953 1842 contenti,
977 1764 1061 1848 quod
1077 1787 1115 1828 ex
1131 1787 1168 1829 eo
1191 1764 1286 1830 facile

114 1871 228 1956 conjici
254 1871 402 1956 poteritf,
430 1894 526 1956 quam
553 1893 643 1936 carus
672 1870 737 1936 suis
764 1871 860 1935 fuerit
868 1869 888 1937 ⁷.
939 1869 1018 1935 Cum
1045 1870 1181 1936 Athenis
1209 1871 1285 1937 adu·

113 1976 257 2042 lescens8
285 2000 411 2044 causam
438 1978 568 2057 diceret,
594 1998 659 2043 non
688 1977 792 2042 solum
820 1977 913 2042 amici
939 1977 1117 2062 privatique
1144 1979 1285 2064 hospites
1306 1990 1339 2043 15

115 2086 155 2149 ad
178 2107 252 2149 eum
275 2085 502 2149 defendendum
525 2087 752 2163 convenerunt,
781 2085 835 2149 sed
863 2084 958 2149 eliam
984 2085 1018 2148 in
1045 2085 1089 2148 eis
1116 2085 1210 2150 lason
1236 2091 1286 2171 ty·

114 2214 234 2256 rannus
257 2191 449 2270 Thessaliae,
472 2191 527 2276 qui
548 2191 606 2256 illo
629 2195 770 2276 tempore
792 2191 854 2256 fuit
878 2191 1018 2256 omnium
1039 2192 1286 2276 potentissimus.

115 2299 178 2363 Hic
201 2297 294 2363 cum⁹
316 2297 350 2362 in
371 2298 475 2384 patria
498 2298 565 2364 sine
588 2297 778 2364 satellitibus
802 2320 836 2363 se
858 2301 962 2362 tutum
984 2319 1049 2362 non
1072 2298 1287 2378 arbitraretur,

117 2405 259 2470 Athenas
286 2405 354 2470 sine
380 2405 447 2470 ullo
455 2402 483 2442 ²⁰
509 2404 665 2490 praesidio
692 2405 779 2472 venit
804 2403 983 2489 tantique11
1014 2404 1173 2490 hospitem
1203 2405 1287 2486 feeit,

117 2517 153 2577 ut
174 2511 286 2578 mallet
308 2535 341 2577 se
348 2511 376 2549 ¹2
400 2513 511 2597 capitis
533 2513 710 2597 periculum
726 2513 819 2592 adire,
844 2535 940 2598 quam
956 2512 1125 2578 Timotheo
1142 2514 1180 2578 de
1202 2514 1288 2578 fama
1306 2522 1341 2577 20

121 2619 282 2684 dimicanti
305 2617 454 2688 deesse²⁸.

163 2771 193 2828 4.
239 2761 328 2827 Haec
344 2766 483 2828 extrema
505 2763 567 2826 fuit
582 2766 669 2828 aetas
683 2762 911 2846 imperatorum
927 2761 1180 2842 Atheniensium,
1202 2761 1289 2846 Iphi·

120 2870 227 2949 cratis,
255 2868 423 2948 Chabriae,
450 2868 641 2948 Timothei¹;
669 2891 771 2953 neque
797 2875 871 2952 post
898 2869 1027 2934 illorum
1053 2869 1177 2935 obitum
1205 2868 1289 2953 quis·

120 2973 233 3058 quam²
258 2975 322 3040 dux
344 2975 378 3040 in
399 2976 457 3040 illa
478 2976 556 3040 mbe
583 2975 645 3040 fuit
668 2976 783 3060 dignus
805 2975 966 3042 memoria
1013 2975 1171 3042 Confectis
1194 2975 1290 3042 Lace-

122 3081 356 3146 daemoniorum
379 3086 411 3146 et
426 3081 651 3146 Thebanorum
673 3082 793 3146 viribus
816 3082 911 3148 etiam
927 3081 1171 3148 Atheniensium
1189 3082 1291 3146 virtus
1309 3091 1343 3145 25

122 3189 275 3254 exstincta
303 3192 362 3266 est3
390 3211 464 3254 nam
491 3189 627 3268 amissis,
654 3189 770 3272 quibus
798 3187 969 3254 aemulari³
992 3192 1230 3267 consueverant,
1257 3188 1292 3252 iu

122 3295 290 3381 segnitiam
311 3295 542 3380 mollitiamque
569 3293 671 3380 lapsi⁴
693 3318 758 3361 non
780 3301 818 3362 ut
841 3296 917 3360 olim
939 3296 974 3360 in
996 3297 1128 3361 classem
1152 3299 1184 3360 et
1206 3316 1290 3360 exer·

124 3401 212 3483 citus,
234 3403 290 3467 sed
311 3403 345 3466 in
360 3401 425 3467 dies
448 3402 546 3467 festos
569 3407 818 3487 apparatumque
840 3402 989 3468 ludorum
1003 3402 1122 3467 reditus
1145 3402 1291 3486 publicos

125 3509 288 3574 effundunt
310 3513 342 3573 et
365 3531 437 3574 cum
460 3508 619 3574 actoribus
642 3509 847 3574 nobilissimis
870 3509 1035 3594 postisque
1062 3509 1188 3574 theatra
1211 3509 1292 3574 cele-

125 3613 224 3694 brant,
246 3614 443 3700 frequentius
467 3637 592 3680 scenam
616 3637 711 3699 quam
733 3619 837 3680 castra
859 3616 1005 3682 visentes.
1043 3615 1133 3680 Tune
1156 3615 1293 3701 vectigal
1310 3623 1345 3678 30

126 3721 292 3802 publicum,
308 3743 371 3806 quo
387 3725 480 3786 antea
494 3721 612 3786 milites
629 3726 660 3788 et
675 3722 812 3807 remiges
828 3721 1022 3802 alebanturl,
1036 3722 1158 3788 urbano
1174 3721 1291 3806 populo

128 3825 240 3892 dividi⁶
264 3831 411 3912 coeptum
434 3826 510 3893 est⁷.

212 3932 334 4010 Quibus
361 3933 455 3998 rebus
484 3933 630 3998 effectum
658 3938 719 4015 est,
746 3938 783 3998 ut
808 3935 890 4000 inter
918 3934 984 3999 otia
1006 3933 1198 4000 Craeoorum
1224 3949 1292 3998 sor·

127 4038 231 4106 didum
263 4043 296 4104 et
327 4039 496 4104 obscurum
528 4045 621 4106 antea
649 4041 858 4106 Macedonum
889 4039 1027 4106 nomen⁸
1058 4041 1230 4124 emergeret
1261 4045 1293 4105 et

129 4143 290 4232 Philippus
314 4146 407 4211 obses
429 4146 564 4212 triennio
587 4146 705 4214 Thebis
727 4147 865 4226 habitus,
887 4147 1123 4231 Epaminondae
1146 4151 1177 4212 et
1199 4145 1293 4212 Pelo·
1311 4156 1346 4210 35

130 4251 216 4333 pidae
239 4253 410 4320 virtutibus
434 4254 587 4334 eruditus,
614 4275 748 4339 regnum
771 4254 920 4320 Graeciae
943 4259 975 4320 et
997 4254 1093 4320 Asiae
1120 4253 1293 4320 cervicibus

130 4358 213 4424 velut
233 4361 348 4445 jugum
371 4361 531 4426 servitutis
553 4363 737 4446 imponeret.

173 4537 338 4589 Lattmann,
353 4537 472 4580 Cornelius
485 4539 562 4589 Nepos
577 4539 665 4581 emend.
681 4543 703 4581 et
717 4541 792 4590 suppl.
820 4538 863 4579 lld.
879 4539 946 4578 vm.
1118 4521 1134 4572 5
