3074 4934
782 256 844 315 124

224 435 362 498 maxima
389 432 488 497 natali
516 453 573 496 suo
602 430 651 496 die
678 428 754 494 fecit
781 428 896 494 omnia.
942 428 1012 506 Quo
1035 428 1156 493 factum
1179 433 1239 507 est,
1266 433 1302 494 ut
1324 451 1399 494 eum

190 527 205 558 ⁸
225 541 307 605 diem
334 539 450 604 festum
476 535 644 602 haberet¹²
671 537 818 602 universa
845 535 962 601 Sicilia.
1008 534 1088 600 Gum
1111 536 1193 600 diem
1217 557 1400 620 supremum

224 647 352 725 obisset,
375 646 502 730 publice
526 645 765 729 aSyraousanis
788 644 822 708 in
844 643 1021 728 gymnasie,
1044 643 1128 726 quod
1144 642 1401 709 Timoleonteum

222 753 407 838 appellatur,
429 757 499 818 tota
522 752 702 816 celebrante
725 748 871 816 Sicilia18
894 750 1038 834 sepultus
1062 754 1117 814 est.

185 1026 201 1079 5
589 1021 643 1087 24.
677 1017 906 1102 Agathocles.
939 1017 1031 1102 (ΠΙ)

267 1203 296 1262 1.
341 1197 540 1262 Timoleonte
568 1200 694 1261 mortuo
717 1195 988 1279 Syracusanorum
1014 1217 1064 1258 res
1092 1195 1222 1278 publiea
1244 1217 1308 1259 non
1331 1217 1402 1258 am-

220 1304 324 1388 pliusl
351 1304 467 1389 viginti
494 1324 593 1368 annos
621 1303 722 1367 libera
748 1301 820 1367 fuit.
865 1301 949 1366 Tum
972 1300 1167 1387 Agathocles
1196 1303 1235 1367 ad
1263 1322 1404 1385 regnum

220 1410 371 1494 pervenit.
416 1408 467 1474 ls²
495 1415 585 1492 patre
612 1409 712 1492 figulo
740 1406 854 1472 natus³
883 1430 955 1472 cum
977 1406 1148 1492 Syracusas
1175 1406 1403 1472 concessisset4

201 1516 401 1600 'ascitusque
428 1517 462 1579 in
490 1516 648 1580 civitatem
677 1520 772 1593 esset,
802 1515 892 1579 miles
915 1515 1093 1600 gregarius,
1122 1514 1232 1578 deinde
1257 1515 1402 1580 centurio

169 1626 203 1680 10
221 1622 358 1701 factus⁶,
381 1627 505 1688 tantam
528 1623 565 1686 de
589 1644 622 1686 se
645 1643 734 1705 spem
756 1622 904 1686 omnibus
927 1622 1002 1686 fecit
1024 1622 1121 1687 homo
1145 1626 1177 1687 et
1199 1644 1295 1686 manu
1318 1625 1402 1686 stre·
1534 1683 1535 1688 ,

221 1751 303 1794 nnus
327 1731 415 1794 etin
438 1730 640 1794 contionibus
663 1729 882 1812 perfacundus,
904 1732 941 1792 ut
964 1730 1028 1792 dux
1051 1729 1206 1794 exereitus
1230 1727 1402 1793 crearetur.

221 1836 382 1921 Occupata
408 1836 487 1900 urbe
517 1836 752 1919 potentissimos
775 1834 938 1919 quosque⁶
961 1835 1216 1920 exprincipibus
1239 1836 1402 1902 interficit.

219 1943 289 2008 Rex
319 1942 510 2008 constitutus
538 1942 690 2006 finitimas
719 1941 861 2007 civitates
888 1941 969 2006 nihil
995 1941 1131 2006 hostile⁷
1161 1947 1337 2007 metuentes
1360 1965 1404 2008 ex

219 2049 391 2134 improviso
420 2048 612 2133 aggreditur.
659 2046 736 2112 Inde
762 2047 848 2112 bello
877 2049 1025 2112 adversus
1053 2047 1177 2113 Poenos
1206 2053 1328 2126 exorto,
1355 2051 1404 2115 ab

170 2159 202 2212 15
222 2155 403 2220 Hamilcare
428 2155 577 2240 Gisgonis
604 2155 671 2218 filio
699 2155 803 2219 victus
827 2153 995 2238 Syracusas
1024 2155 1191 2233 concessit,
1217 2160 1253 2220 ut
1275 2157 1404 2240 majore

220 2268 375 2346 apparatu
413 2263 534 2328 bellum
571 2266 741 2346 repararet.
802 2260 863 2326 Sed
901 2262 1030 2326 alterius
1069 2263 1249 2328 certaminis
1287 2265 1404 2329 eadem

219 2369 362 2449 fortuna,
390 2369 490 2453 quae⁸
512 2368 656 2452 prioris⁰,
679 2369 749 2434 fuit.
795 2367 874 2432 Cum
897 2368 996 2452 igitur
1017 2369 1154 2436 victores
1177 2369 1277 2436 Poeni
1300 2369 1403 2456 Syra-

220 2498 309 2540 cusas
349 2475 511 2539 obsidione
551 2475 734 2554 cinxissent,
778 2474 1036 2560 Agathoclesque
1074 2499 1107 2541 se
1145 2499 1202 2542 nec
1240 2477 1360 2542 viribus
1370 2476 1405 2516 ¹⁰

218 2603 328 2665 parem
354 2603 455 2665 neque
485 2583 524 2646 ad
553 2581 749 2646 obsidionem
772 2581 934 2646 ferendam
957 2583 1148 2647 instructum
1170 2585 1302 2662 videret,
1330 2588 1402 2650 sta·

165 2689 200 2744 20
218 2687 280 2751 tuit
310 2687 429 2751 bellum
456 2687 491 2750 in
513 2687 655 2752 Afm'eam
682 2689 861 2753 transferre.
914 2688 1019 2772 Hujus
1047 2691 1172 2754 consilii
1199 2713 1264 2756 non
1290 2691 1403 2758 minus

219 2794 403 2858 admirabile
431 2795 592 2858 silentium
620 2816 716 2878 quam
744 2801 956 2860 commentum
983 2796 1053 2862 fuit.
1103 2797 1227 2881 Populo
1255 2797 1316 2861 hoc
1344 2819 1402 2862 so-

218 2899 285 2963 lum
318 2901 479 2983 professus
513 2907 573 2981 est,
604 2902 761 2966 invenisse
794 2925 827 2967 se
854 2903 1005 2968 victoriae
1032 2905 1129 2982 viam,
1162 2902 1317 2970 animos¹⁰
1345 2905 1404 2971 illi

217 3010 343 3070 tantum
385 3007 417 3071 in
461 3008 588 3072 brevem
628 3009 801 3074 obsidionis
838 3010 1024 3092 patientiam
1061 3012 1233 3077 firmarent.
1293 3011 1403 3078 Nullo

218 3113 320 3176 milite
343 3114 473 3193 sciente,
502 3137 565 3198 quo
588 3115 770 3193 veheretur,
793 3137 920 3180 cursum
943 3117 977 3179 in
999 3117 1141 3182 Africam
1165 3119 1283 3203 dirigit.
1327 3118 1402 3183 Ex-

165 3220 198 3275 25
218 3220 323 3302 posito
347 3221 380 3285 in
404 3220 530 3285 Africae
552 3222 646 3286 litore
670 3222 817 3299 exercitu,
836 3244 935 3287 naves
958 3224 1083 3288 incendi
1101 3225 1203 3308 jubet,
1225 3229 1262 3289 ut
1284 3247 1402 3292 omnes

219 3326 343 3404 scirent,
367 3348 422 3410 spe
437 3327 533 3412 fugae
558 3328 705 3411 adempta
728 3332 784 3391 aut
806 3328 994 3393 vincendum
1017 3335 1072 3394 aut
1094 3333 1292 3396 moriendum
1315 3353 1400 3399 esse.

217 3431 335 3496 Obvius
369 3434 413 3497 eis
441 3434 502 3499 fuit
530 3456 602 3498 cum
629 3434 762 3519 triginta
790 3435 919 3500 milibus
947 3435 1126 3501 Poenorum
1154 3438 1278 3503 Hanno.
1330 3438 1402 3506 Sed

215 3539 337 3622 proelio
370 3540 538 3604 commisso
572 3541 633 3605 duo
667 3541 705 3604 de
733 3539 861 3625 Siculis,
894 3542 958 3607 tria
988 3544 1078 3607 milia
1110 3545 1148 3609 de
1176 3545 1292 3610 Poenis
1320 3567 1401 3611 cum

215 3644 285 3729 ipso
309 3646 387 3709 duce
410 3647 596 3712 ceciderunt.

162 3851 197 3907 30
262 3849 290 3905 2.
336 3839 406 3905 Hac
427 3841 560 3906 victoria
576 3846 608 3906 et
624 3841 802 3908 Siculorum
818 3843 934 3908 animi1
958 3844 1123 3930 eriguntur
1146 3851 1178 3911 et
1193 3847 1401 3912 Poenorum²

214 3947 414 4033 franguntur.
459 3946 656 4032 Agathocles
684 3949 796 4014 deinde
824 3955 926 4016 eastra
955 3953 989 4015 in
1012 3952 1122 4036 quinto
1146 3954 1251 4038 lapide
1274 3977 1294 4019 a
1316 3954 1398 4020 Gar-

214 4054 345 4138 thagine
378 4054 503 4132 statuit,
538 4059 575 4120 ut
606 4057 789 4122 vastitatem
820 4078 970 4142 agrorum
1002 4063 1035 4124 et
1065 4059 1210 4125 incendia
1240 4061 1398 4128 villarum

214 4161 252 4226 de
280 4161 379 4226 muris
406 4161 506 4244 ipsius
534 4163 622 4227 urbis
645 4167 832 4246 spectarent.
877 4165 1050 4250 Divulgato
1074 4165 1189 4232 deleti³
1212 4168 1397 4235 Poenorum

214 4268 368 4332 exercitus
406 4268 505 4347 fama,
544 4268 766 4351 stipendiariae
803 4271 897 4336 urbes
930 4277 962 4336 et
993 4273 1072 4338 socii
1106 4275 1144 4338 ad
1178 4274 1397 4361 Agathoclem

159 4379 194 4436 35
214 4373 395 4438 defecerunt
436 4374 658 4459 frumentoque
701 4382 733 4442 et
778 4377 936 4462 stipendio
974 4380 1127 4445 victorem
1164 4382 1393 4450 instruxerunt.
