3074 4934
801 221 863 282 148

460 403 514 471 14
546 398 743 484 Praecepto
766 395 923 464 monitus
947 409 1051 476 saepe
1074 392 1112 459 te
1135 389 1333 459 considera.

358 544 508 612 Habebat
530 542 660 627 quidam
681 539 782 605 filiam
803 536 1018 622 turpissimam

359 652 508 735 Idemque
530 648 688 734 insignem
710 645 845 730 pulchra
866 641 947 708 fecie
970 641 1080 706 filium.

360 758 414 839 Η1,
437 756 598 842 speculum
619 755 654 819 in
677 753 828 818 otthedra
850 752 960 816 matris
983 753 1020 814 01
1041 748 1182 832 positum
1204 747 1275 825 fuit,

359 865 530 932 Puenlitcr
555 863 700 928 ludentes
722 860 802 924 forte
824 859 1035 942 inspexerunt.

361 973 425 1038 Hic
447 995 481 1038 se
503 972 681 1036 formosum
699 969 809 1052 jactat,
831 967 890 1031 illa
911 965 1058 1030 irascitur

361 1079 431 1147 Nec
454 1077 625 1164 gloriantis
648 1075 782 1142 sustinet
803 1073 911 1138 fratris
930 1073 1029 1158 jocos,

362 1185 531 1270 Accipiens
555 1183 673 1270 quippe
695 1185 810 1247 cuneta
831 1181 863 1245 in
888 1177 1120 1245 contumeliam.

362 1294 449 1379 ano
473 1293 514 1357 ad
536 1295 660 1375 patrem
683 1289 821 1354 decurrit
843 1287 970 1352 laesuro
992 1287 1026 1351 in
1048 1286 1149 1351 ricem

364 1399 545 1484 Magnaque
567 1396 686 1462 invidia
709 1395 896 1461 criminatur
918 1393 1029 1473 filium,

367 1505 424 1570 Vir
445 1509 539 1571 natus
563 1502 647 1588 quod
669 1523 737 1567 rem
760 1501 950 1566 feminarum
971 1500 1124 1585 tetigerit.

365 1611 541 1697 Amplexus
564 1609 618 1674 ille
639 1612 809 1692 utrumque
833 1613 865 1673 01
887 1629 1018 1692 carpens
1041 1605 1149 1672 oscula

365 1719 560 1802 Dulcemque
582 1715 616 1780 in
639 1715 749 1780 ambos
773 1715 936 1781 caritatem
958 1715 1115 1798 partiens:

366 1824 548 1906 „Quoadie‘
570 1823 675 1907 inquit
697 1822 842 1907 „speculo
865 1844 922 1887 vos
944 1822 993 1886 uti
1015 1823 1101 1888 volo:

368 1932 417 1998 Tu
439 1932 576 1996 formem
598 1951 637 1994 ne
661 1951 845 2014 corrumpas
867 1929 1027 2014 nequitiae
1050 1928 1156 2006 malis;

368 2037 418 2104 Tu
440 2037 551 2102 taciem
573 2039 611 2100 ut
632 2035 726 2100 istem
748 2036 889 2101 moribus
911 2035 1018 2100 vincas
1041 2035 1160 2101 bonis.“

659 2231 709 2299 15.
749 2233 802 2299 De
824 2232 924 2300 vitiis
947 2233 1144 2300 hominum.

370 2378 466 2445 Peras
488 2374 640 2459 imposuit
661 2372 789 2458 Jupiter
811 2373 903 2438 nobis
927 2374 1017 2439 duas:

370 2482 512 2568 Prtpriis
535 2482 692 2566 repletam
714 2479 802 2545 vrciis
824 2489 897 2565 post
919 2484 1046 2566 tergum
1069 2480 1164 2561 dedit,

371 2588 495 2654 Alienis
518 2590 593 2653 ante
615 2590 726 2670 pectus
748 2585 912 2670 suspendit
934 2608 1071 2673 gravem.

371 2694 442 2760 Hac
463 2717 498 2759 re
522 2694 626 2759 videre
647 2696 757 2757 nostra
778 2693 864 2758 mttla
885 2716 950 2760 non
972 2716 1152 2779 possumus;

372 2801 440 2866 Alii
462 2799 558 2866 simul
581 2799 776 2884 delinquunt,
799 2821 943 2866 censores
966 2823 1085 2869 sumus.

584 2995 639 3062 16.
677 2993 836 3065 Arbores
860 2997 899 3064 in
921 2997 1079 3065 Deorum
1100 2998 1227 3066 tutela.

374 3139 467 3216 Olim,
491 3159 570 3223 quas
593 3137 713 3204 vellent
736 3161 801 3204 esse
824 3138 858 3203 in
881 3139 983 3205 tutela
1005 3162 1070 3219 000,

374 3246 449 3312 Divi
471 3245 619 3332 legerunt
641 3246 778 3314 arbores.
825 3244 965 3323 Quercus
987 3246 1070 3328 lovi,

373 3355 418 3420 Et
439 3357 563 3438 myrtus
585 3351 702 3418 Ventri
724 3353 854 3438 pltouit
876 3353 1007 3419 Phoebo
1029 3355 1147 3436 laurea,

375 3459 473 3524 Pinus
495 3458 657 3544 Neptuno,
679 3459 818 3544 populus
841 3459 927 3524 celso
949 3459 1089 3528 Herculi.

375 3565 520 3630 Minerva
542 3565 710 3646 admirans,
733 3587 831 3650 quare
854 3567 980 3633 sttrlles
1003 3573 1170 3649 sumerent,

375 3671 589 3758 Interrogavit
611 3694 745 3738 causam.
792 3671 883 3738 Dixit
905 3673 1044 3759 Jupiter:

376 3778 541 3844 Honorem
562 3777 669 3844 fructu
691 3800 731 3843 ne
753 3778 917 3845 videamur
939 3782 1081 3847 vendere.
1104 3819 1148 3832 -

377 3885 441 3966 „At
463 3907 511 3951 me
533 3883 698 3968 Hercules,
720 3887 865 3952 narrabit
887 3888 972 3972 quod
995 3888 1066 3973 quis
1089 3889 1238 3968 voluerit3

378 3991 472 4057 Oliva
494 3992 587 4058 nobis
608 3996 739 4078 propter
761 3992 903 4058 fructum
925 3999 972 4060 cst
993 3994 1141 4083 gratior.“
1164 4033 1208 4044 -

378 4099 468 4164 Tunc
491 4098 536 4163 sic
558 4099 701 4165 Deorum
723 4099 851 4186 gsnitor
873 4105 966 4186 atquc
988 4101 1153 4169 hominum
1175 4108 1279 4188 pater:

379 4205 406 4271 Ο
429 4209 504 4272 0010
527 4206 640 4272 merito
663 4207 789 4292 stpiens
813 4207 912 4272 dicere
934 4209 1093 4276 omnibus:

378 4311 453 4378 Nisi
475 4313 551 4380 utile
574 4316 630 4396 001,
653 4314 738 4400 quod
760 4313 905 4396 facimus,
927 4315 1026 4382 stulta
1049 4321 1095 4384 est
1118 4318 1230 4404 gloria
