3074 4934
660 277 731 337 ‘109

115 445 265 513 monitis*
287 447 399 512 urbem
421 447 528 513 intrat.
573 448 762 534 Legationes
795 471 832 514 eo
865 471 904 514 ex
934 449 1083 514 universo
1115 450 1181 514 fere
1215 449 1291 515 orbe

117 554 339 620 confluxerant.
387 555 508 634 Quibus
528 578 585 639 per
608 556 785 639 complures
808 555 873 620 dies
897 555 1037 620 studiose
1060 555 1186 633 auditis,
1210 556 1292 620 dein·

116 684 190 746 ceps
222 663 263 726 ad
300 661 547 746 Hephaestionis
585 663 827 728 familiarissimi
862 663 960 748 paulo
999 667 1071 727 ante
1108 661 1143 726 in
1179 662 1293 727 itinere

115 769 236 834 mortui
282 769 447 854 exsequias
493 769 609 854 adjecit
655 769 808 847 animum;
854 791 935 854 quae
980 790 1104 833 summo
1150 767 1293 832 omnium

113 874 244 942 studio⁶
275 877 433 941 celebrata
467 881 549 942 sunt.
599 875 723 940 Deinde
750 875 950 960 expeditione
976 877 1061 940 facta
1087 874 1122 940 in
1149 873 1327 941 Arabum5

113 985 195 1049 fines
219 983 257 1048 de
284 983 400 1047 futuris
428 1005 555 1048 securus
585 983 759 1048 Chaldaeos
787 983 953 1062 irridebat,
985 983 1069 1067 quod
1096 982 1295 1066 Babylonem

115 1113 182 1155 non
205 1089 366 1175 ingressus
389 1095 513 1156 tanturn
538 1094 620 1155 esset
642 1089 826 1170 incolumis,
847 1111 958 1155 verram
980 1089 1078 1154 etiam
1101 1089 1293 1154 excessisset.

115 1197 154 1262 ln
177 1195 290 1261 urbem
312 1219 456 1262 reversus
485 1219 557 1261 cum
583 1195 766 1261 Nearchum
793 1196 966 1281 excepisset
993 1195 1139 1261 convivio
1163 1196 1294 1280 jamque

112 1301 280 1368 cubitum⁶
302 1301 405 1367 iturus
439 1306 529 1381 esset,
562 1301 663 1367 Medii
685 1302 831 1368 Thessali
862 1303 988 1367 obnixis
1019 1301 1166 1386 precibus
1198 1301 1294 1381 dedit,

114 1414 151 1474 ut
177 1409 218 1474 ad
241 1431 313 1474 eum
336 1407 556 1474 comissatum⁶
579 1409 708 1474 reniret.
754 1409 805 1474 lbi
836 1413 1006 1495 postquam
1037 1413 1138 1474 totam
1169 1412 1294 1474 noctem
1313 1421 1327 1449 *

113 1515 308 1602 perpotavit,
323 1515 406 1580 male
421 1537 455 1580 se
470 1515 589 1580 habere
612 1514 743 1600 coepit⁷.
781 1515 1006 1602 Ingravescens
1030 1516 1142 1581 deinde
1165 1517 1294 1580 morbus

113 1625 195 1688 adeo
229 1645 338 1687 omnes
369 1621 453 1688 vires
483 1621 569 1687 intra
601 1626 725 1687 sextum
758 1623 842 1688 diem
875 1623 1035 1702 exhausit,
1066 1626 1102 1686 ut
1134 1645 1174 1687 ne
1206 1621 1294 1687 vocis

113 1730 246 1814 quidem
275 1734 386 1813 potens
410 1731 500 1795 esset.
546 1727 672 1794 Interea
694 1729 813 1794 milites
837 1729 1053 1795 sollicitudine
1076 1728 1294 1812 desiderioque
1324 1740 1327 1744 ’

115 1837 186 1920 ejus
218 1835 382 1914 commoti,
419 1834 653 1899 obtestantibus
691 1834 853 1914 ducibus⁸,
889 1857 930 1900 ne
962 1835 1177 1900 valetudinem
1208 1835 1294 1920 regis

113 1947 293 2021 onerarent,
326 1946 554 2026 expresserunt,
585 1945 623 2005 ut
650 1941 685 2006 in
712 1946 915 2026 conspectum
943 1942 1010 2026 ejus
1039 1941 1347 2019 admitterentrr315

114 2049 235 2134 quibus
264 2047 488 2114 osculandam⁹
511 2049 652 2113 dextram
674 2070 765 2112 suam
787 2048 936 2113 flentibus
958 2049 1107 2132 porrexit.
1151 2047 1294 2112 Dimisso

113 2158 214 2241 vulgo
237 2155 429 2240 propiusque
452 2155 540 2221 adire
560 2155 657 2239 jussis
680 2155 806 2236 amicis,
834 2157 1011 2220 detractum
1038 2155 1170 2220 anulum
1193 2155 1294 2240 digito

114 2261 321 2330 Perdiccae
358 2261 491 2328 tradidit
529 2262 658 2347 adjectis
696 2261 869 2342 mandatis,
906 2266 943 2326 ut
981 2283 1093 2345 corpus
1132 2283 1224 2326 suum
1255 2262 1295 2326 ad

114 2370 329 2435 Hammonem
356 2369 435 2434 ferri
464 2370 620 2454 juberent.
667 2368 898 2446 Quaerentibus
930 2368 990 2448 his,
1023 2368 1075 2433 cui
1101 2368 1295 2452 relinqueret

114 2481 272 2562 regnum?
317 2476 496 2561 respondit,
535 2475 578 2555 ei,
617 2476 673 2560 qui
712 2481 793 2542 esset
831 2475 980 2560 optimus.
1026 2475 1180 2561 Suprema
1217 2476 1295 2540 haee
1314 2485 1348 2540 20

114 2607 180 2649 vox
210 2583 273 2648 fuit
305 2583 405 2668 regis,
437 2586 469 2646 et
500 2583 596 2667 paulo
618 2587 693 2666 post
715 2583 858 2650 decessit.
903 2583 1036 2648 Veneno
1059 2587 1205 2648 necatum
1229 2603 1296 2647 esse

114 2691 317 2756 crediderunt
348 2689 501 2774 plerique,
534 2689 638 2754 filium
669 2687 843 2773 Antipatri,
874 2690 996 2755 Jollam
1027 2690 1165 2769 nomine,
1196 2689 1296 2774 patris

112 2799 209 2882 jussu
241 2796 370 2860 dedisse.
415 2794 536 2880 Corpus
568 2797 636 2880 ejus
669 2819 688 2860 a
719 2795 918 2876 Ptolemaeo,
950 2795 1001 2862 cui
1032 2796 1198 2882 Aegyptus
1230 2817 1295 2860 ees-

15 2941 16 2944 *
115 2907 212 2982 serat,
243 2901 428 2986 Memphim,
459 2901 533 2966 inde
565 2901 675 2986 paucis
707 2907 781 2985 post
812 2903 904 2969 annis
932 2903 1161 2968 Alexandriam
1192 2907 1296 2967 trans-

111 3011 219 3076 latum
242 3013 298 3074 est.
394 3057 396 3068 .
1314 3019 1348 3072 25

163 3158 215 3216 65.
260 3149 549 3216 Vehementissima
572 3154 680 3215 secuta
702 3155 775 3215 sunt
803 3151 981 3236 principum
1009 3151 1195 3228 certamina,
1224 3150 1296 3234 quis

115 3257 151 3321 in
185 3255 271 3342 regis
302 3255 409 3320 locum
441 3255 648 3322 succederetl.
704 3257 846 3321 Tandem
877 3255 1044 3322 Perdiccas
1076 3257 1229 3340 perducto
1261 3257 1296 3320 in

116 3364 233 3428 urbem
266 3362 405 3427 exercitu
437 3362 607 3428 consilium
638 3363 819 3447 principum
846 3363 986 3427 virorum
1014 3363 1143 3443 habuit,
1170 3363 1205 3428 in
1232 3385 1295 3448 quo

115 3469 302 3556 provinciae
324 3469 409 3535 inter
437 3492 490 3535 eos
518 3469 565 3534 ita
592 3469 741 3534 distribui
768 3469 918 3553 placuitl,
945 3475 982 3534 ut
1010 3470 1214 3556 Philippus
1238 3470 1295 3556 (II)

116 3575 375 3655 Arrhidaeus,
421 3575 596 3640 Alexandri
640 3575 739 3640 frater
784 3577 894 3642 eodem
938 3580 1030 3662 patre
1074 3577 1221 3662 genitus,
1266 3581 1297 3640 et
1315 3585 1350 3640 30

117 3683 352 3762 Alexander,
397 3681 574 3748 Roxanes
620 3682 706 3746 filius
751 3687 823 3768 post
860 3683 960 3768 patris
998 3687 1133 3748 mortem
1171 3685 1296 3748 demum

116 3795 227 3870 nattis,
254 3787 367 3875 reges8
390 3811 548 3854 summam
570 3789 698 3873 imperii
721 3789 915 3878 obtinerent,
942 3789 1147 3856 Perdiccas
1169 3789 1297 3853 illorum

117 3895 227 3961 tutor8
254 3900 292 3961 ut
318 3896 420 3981 copiis
447 3899 620 3980 praeesset,
647 3918 728 3980 quae
755 3918 864 3982 regern
891 3897 1113 3980 sequebantur.
1157 3895 1296 3961 Nobilis·

119 4001 195 4066 simi
226 4001 312 4066 inter
343 4023 536 4067 successores
568 4001 743 4066 Alexandri
779 4003 909 4067 fuerunt
940 4001 1202 4082 Ptolemaeus,
1240 4001 1297 4086 qui

119 4109 305 4193 Aegyptum
336 4107 513 4188 obtinebat,
545 4106 779 4194 Antigonus,
811 4107 864 4173 cui
891 4107 986 4192 Lycia
1014 4131 1085 4174 cum
1108 4108 1296 4192 Pamphylia
1314 4118 1349 4173 35

121 4221 154 4280 et
175 4215 296 4298 majore
318 4214 470 4300 Phrygia,
493 4213 753 4299 Lysimachus,
776 4215 827 4280 cui
843 4215 979 4280 Thracia
1003 4215 1104 4281 cessit
1148 4214 1296 4300 Regnum

118 4319 324 4386 Macedoniae
347 4326 379 4386 et
402 4320 567 4387 Graeciam
590 4321 795 4405 Antipater
819 4323 993 4408 occuparit.

603 4463 815 4476 -ι-ὰ--η
