3074 4934
493 979 710 1094 Phaedri
745 981 960 1095 fabulae.

547 1389 579 1455 1.
618 1390 713 1456 Uvae
737 1393 896 1458 acerbae,

242 1529 339 1595 Fame
363 1536 474 1596 coacte
495 1531 607 1614 vulpes
630 1531 697 1594 alm
717 1531 752 1594 in
775 1547 870 1596 vInee

241 1634 342 1701 Uvam
365 1638 534 1720 appetebat
556 1637 687 1701 summis
710 1636 826 1702 stliens
849 1637 977 1704 viribus.

242 1743 343 1821 Quem
366 1748 552 1829 tangerent
574 1766 637 1808 non
660 1745 774 1827 potuit,
798 1745 959 1810 discedens
983 1746 1040 1811 ait:

240 1848 393 1915 Nondum
414 1853 539 1915 matura
561 1854 614 1930 est,
636 1851 710 1914 nolo
734 1851 880 1916 acerbam
902 1873 1033 1916 sumere.

202 2045 235 2112 2.
268 2045 416 2113 Amittit
437 2047 567 2114 merito
590 2047 788 2131 proprium,
812 2048 873 2129 qui
896 2047 1045 2114 alienum
1067 2050 1218 2133 oppetit.

241 2187 334 2254 Canis
356 2211 413 2273 per
435 2171 702 2254 flumen'carnem
725 2210 798 2253 cum
820 2189 917 2254 ferret
939 2194 1062 2269 ndtans

239 2295 402 2380 Aquamm
423 2297 457 2360 in
480 2297 606 2379 spdcdlo
629 2296 709 2361 vidit
730 2296 937 2361 simissecrum
959 2320 1065 2375 suum3

239 2401 408 2486 Aliamque
431 2403 578 2485 praedam
601 2403 641 2467 ab
665 2403 729 2467 elio
754 2403 868 2468 deferri
891 2407 1016 2486 putans,

239 2509 372 2592 Eripere
394 2509 504 2575 voluit.
550 2507 669 2573 Verum
693 2510 824 2593 decepto
847 2509 997 2589 dviditas3

238 2614 290 2693 Et,
314 2636 408 2698 quem
430 2615 560 2680 tenebat
583 2637 646 2693 ore,
670 2615 789 2680 dimisit
811 2611 949 2695 cibum,'

237 2721 315 2802 Nec,
338 2744 432 2806 quem
454 2723 591 2806 petebat,
614 2722 720 2806 potuit
743 2723 833 2787 dente
855 2723 1020 2808 attingere.

499 2917 532 2986 3.
571 2919 704 3002 Vulpes
728 2921 766 2986 et
788 2936 928 2986 corvus.

240 3059 319 3126 Cum
342 3061 380 3125 de
402 3061 541 3126 fenestra
563 3081 676 3125 corvus
699 3027 825 3144 raptum
848 3082 974 3126 caseum

238 3165 384 3232 Comesse
407 3168 512 3245 vellet,
535 3167 620 3232 celse
641 3169 783 3232 residens
806 3167 929 3245 arbore,

236 3272 332 3338 Hunc
353 3274 433 3339 vidit
455 3274 575 3356 vulpes.
620 3273 740 3338 Deinde
763 3274 809 3338 sic
831 3273 937 3358 coepit
958 3273 1062 3356 loqui:

237 3380 264 3445 0
288 3379 343 3464 qui
365 3384 501 3458 tucrum,
524 3401 625 3458 corve,
648 3401 824 3463 pennarum
848 3383 894 3444 est
915 3379 1013 3444 nitor!

237 3485 397 3564 Quantum
419 3486 540 3552 decoris
563 3507 692 3569 corpore
715 3492 747 3552 et
769 3486 861 3551 vultu
883 3485 981 3572 geris!

237 3591 271 3658 si
293 3614 399 3658 vocem
421 3593 563 3672 haberes,
585 3593 675 3658 nulle
696 3594 784 3678 prior
806 3593 872 3658 dles
894 3593 986 3658 foret.

235 3700 282 3764 At
302 3699 357 3764 ille
380 3700 506 3779 stultus,
529 3701 604 3765 dum
627 3700 697 3764 vult
719 3721 825 3765 vocem
849 3700 1021 3778 ostendere,

234 3805 353 3871 Amisit
375 3827 429 3870 ore
452 3828 586 3884 caseum,
609 3827 704 3890 quem
727 3807 869 3872 celdriter

235 3913 357 3979 Dolosa
377 3913 489 3997 vulpes
512 3913 614 3978 dvidis
637 3913 745 3998 rtpuit
767 3913 922 3980 dentibus.

262 4111 296 4181 4.
333 4110 444 4194 Inops
468 4109 650 4194 potentem
676 4109 760 4175 dnm
783 4110 862 4176 vult
884 4109 1035 4194 imitari,
1059 4109 1168 4194 perit.

233 4251 271 4317 In
293 4256 386 4336 prato
409 4251 569 4335 quondam
591 4273 669 4316 rana
692 4251 856 4336 conspexit
878 4251 1000 4331 bovem,

232 4357 277 4424 Et
300 4363 387 4466 tecte
409 4359 531 4424 invidis
553 4363 661 4425 tantae
683 4357 911 4444 magnitudinis
