3074 4934
639 235 679 292 73

19 421 20 442 ¹
130 412 153 471 7.
195 405 338 470 Primum
365 428 435 470 cum
463 405 607 471 hostibus
634 405 725 490 signa
752 405 906 470 contulit1
935 407 1018 490 apud
1042 385 1245 472 Granicum

19 533 20 602 j
91 511 195 596 Mysiae
222 534 346 577 amnem
373 513 412 598 (a.
438 513 524 598 334).
569 511 618 576 Ibi
646 533 718 576 cnm
740 511 921 592 Parmenio,
947 534 987 576 ne
1014 513 1048 576 in
1075 517 1246 598 conspectu

20 681 21 696 ,
89 617 214 684 hostium
236 619 353 683 flumen
375 619 568 702 profundum
590 617 729 702 ripisque
751 617 949 702 praeruptis²
972 617 1150 696 trausneffl
1170 620 1244 684 hor·

20 750 21 818 }
89 729 208 803 teretur,
238 724 316 790 lusit
347 729 475 790 cautum
502 725 593 789 illum
616 725 751 790 amicum
773 746 841 802 rex,
873 746 946 788 cum
972 725 1101 806 diceret,
1134 725 1244 790 erube-

20 823 21 908 ῗ
89 833 223 897 scendum
245 831 456 916 Hellesponto
487 829 584 911 fore⁴,
616 831 643 896 si
669 831 726 896 illo
753 829 959 896 transmiss0⁶
982 832 1085 896 rivum
1112 831 1280 898 trmsires

88 942 283 1018 cunctaretur,
306 937 460 1024 signoque
475 939 550 1003 dato
565 939 686 1022 primus
706 939 846 1003 omnium
869 961 941 1004 cum
964 938 1106 1024 equitatu
1128 937 1245 1004 flumen

21 1055 22 1110 l
87 1046 217 1129 perrupit
245 1049 339 1131 atque
365 1046 399 1112 in
425 1045 532 1110 hostes
558 1046 682 1112 invasit.
728 1045 855 1111 Acriter
877 1051 1074 1132 pugnantem
1097 1047 1159 1111 dno
1182 1047 1245 1111 for-

21 1147 22 1210 }
88 1153 190 1218 tissimi
204 1153 345 1218 hostium
360 1153 455 1217 duces
471 1153 707 1238 aggrediuntur,
731 1174 865 1236 quorum
888 1153 968 1218 alter
991 1153 1098 1238 gladio
1122 1153 1246 1238 galeam

89 1261 145 1343 ejus
166 1259 321 1325 discindit.
367 1259 461 1324 Hunc
484 1260 559 1325 dum
580 1261 673 1326 hasta
694 1259 863 1345 transfigIt,
886 1261 967 1325 alter
989 1261 1023 1324 in
1049 1261 1170 1326 nudum
1197 1282 1247 1324 ca-

88 1372 138 1449 put
166 1367 268 1432 aversi
298 1367 396 1432 ictam
427 1367 572 1451 parabat,
605 1365 696 1432 cum6
724 1365 827 1432 Clitus
859 1367 1075 1433 animadverso
1107 1368 1247 1452 periculo
1268 1379 1301 1436 1c

89 1475 232 1554 aduolat⁷,
254 1495 362 1560 regem
385 1473 486 1557 clipeo
510 1495 566 1539 sno
589 1475 683 1559 tegit,
732 1473 851 1540 ⁸h0stis
874 1497 1003 1540 manum
1026 1476 1135 1560 gladio
1157 1497 1247 1561 prae·

89 1581 161 1648 cidit.
205 1581 260 1646 Fit
289 1581 402 1666 ingens
435 1581 545 1646 deinde
578 1582 687 1647 caedes
709 1582 890 1661 Persarum,
918 1564 982 1666 qui
1000 1583 1117 1648 virtute
1144 1583 1248 1648 Mace-

89 1687 195 1753 donum
218 1688 358 1772 superati
380 1691 471 1772 terga
493 1691 663 1754 verterunt.

128 1854 154 1912 8.
198 1847 277 1912 Post
304 1837 469 1912 victoriam
495 1847 597 1930 major
618 1869 692 1931 pars
716 1845 906 1912 Graecarum
928 1847 962 1911 in
985 1848 1063 1913 Asia
1086 1849 1247 1914 civitatum

21 1993 22 2002 κ
88 1955 121 2018 ad
141 1955 358 2020 Alexandrum
386 1953 511 2030 defecit3
549 1953 696 2018 Miletum
724 1959 755 2018 et
777 1954 1020 2020 Halicarnasum
1048 1957 1249 2041 expugnavit.
1269 1967 1301 2020 15

20 2067 22 2128 f
88 2061 198 2126 Deinde
230 2083 287 2144 per
317 2059 458 2144 Lyciam,
485 2059 722 2144 Pamphyliam,
754 2060 906 2126 Pisidiam
943 2062 1123 2146 profectus¹
1157 2061 1248 2126 (lor-

89 2168 177 2232 dium
207 2169 320 2233 urbem
351 2166 456 2250 petiit,
489 2189 570 2250 quae
598 2167 659 2232 sita
687 2171 734 2232 cst
760 2169 794 2231 in
816 2169 957 2252 Phrygia
987 2169 1115 2253 majore.
1160 2167 1249 2234 Urbe

20 2300 21 2328 1
88 2273 116 2338 in
145 2276 298 2341 dicionem
326 2297 415 2339 suam
442 2275 570 2339 redacta
596 2273 687 2339 Jovis
715 2275 869 2358 templum
897 2275 1004 2341 intrat.
1050 2274 1249 2354 Vehiculum,

90 2381 163 2464 quo²
179 2381 314 2447 Gordius
329 2403 386 2445 rex
400 2386 510 2446 vectus
534 2403 601 2446 esse
624 2379 816 2460 dicebatur⁸,
840 2382 971 2464 aspexit,
993 2381 1028 2445 in
1050 2404 1113 2466 quo
1134 2383 1250 2466 jugum

90 2493 149 2552 erat
170 2489 333 2554 astrictum
355 2488 446 2553 nodis
468 2489 502 2553 in
525 2492 623 2553 semet
645 2489 730 2572 ipsos
752 2487 950 2572 implicatis4.
996 2489 1112 2552 Incolis
1140 2489 1250 2552 deinde
1268 2497 1304 2554 20

21 2609 22 2675 ᾗ
90 2595 319 2672 affirmantibus,
342 2594 459 2660 editam
483 2617 549 2659 esse
572 2595 700 2660 oraculo
724 2601 848 2674 sortem,
870 2593 949 2660 Asia
968 2595 1173 2679 potiturum,
1196 2595 1251 2680 qui

89 2701 301 2786 inexplicabile
332 2699 494 2766 vinculum
526 2701 699 2780 solvisset⁶,
726 2701 782 2767 ille
809 2702 931 2766 solvere
955 2723 1136 2788 aggressus,
1159 2701 1250 2766 curnl

22 2828 23 2832 ’
89 2809 184 2892 capita
220 2809 361 2873 lororum
398 2807 483 2872 intra
519 2809 620 2873 nodos
653 2809 837 2873 abscondita
867 2809 1004 2894 reperire
1036 2831 1100 2873 non
1130 2813 1250 2892 posset:

87 2911 183 2994 Nihil,
213 2913 331 2999 inquit,
362 2914 507 2993 interest,
535 2915 692 2998 quomodo
720 2913 913 2994 solvantur⁸,
941 2915 1110 3000 gladioque
1133 2916 1251 2980 nodum

88 3017 211 3086 discidit.
1269 3029 1303 3084 25

129 3187 156 3246 9.
199 3180 325 3247 Interea
356 3183 494 3247 Darius
527 3181 789 3249 Oodomannus
827 3184 938 3248 castris
976 3185 1016 3248 ad
1053 3183 1251 3268 Babylonem

86 3286 199 3368 positis,
222 3309 286 3372 quo
309 3289 429 3372 majore
452 3289 557 3354 animo
581 3295 758 3373 capesseret
779 3291 909 3369 bellum,
932 3290 1094 3354 universas
1116 3289 1197 3354 vires
1216 3289 1251 3352 in

89 3398 284 3477 conspectum
299 3395 385 3460 dedit
400 3398 431 3459 et
446 3396 637 3462 circumdato
652 3397 746 3476 vallo,
770 3398 855 3480 quod
875 3397 981 3462 decem
1004 3395 1127 3460 milium
1149 3417 1251 3460 arma·

87 3501 204 3564 tornm2
231 3523 398 3566 numerum
426 3508 564 3585 caperet,
586 3503 700 3568 Xerxis
728 3505 872 3586 exemplo
900 3525 1066 3568 numerum
1089 3502 1252 3586 copiarum

86 3610 178 3678 iniit1.
223 3611 275 3676 Ab
299 3611 419 3676 oriente
442 3611 510 3676 sole
533 3611 572 3674 ad
594 3611 787 3676 occidentem
811 3611 952 3697 agmina,
975 3610 1068 3675 sicuti
1096 3611 1252 3694 descripta
1270 3623 1305 3680 30

87 3722 183 3797 erant,
209 3718 366 3783 intravere
394 3719 522 3784 vallum.
574 3716 651 3782 Inde
679 3717 794 3782 emissa
817 3721 1050 3802 occupaverunt
1071 3717 1251 3801 Mesopota-

85 3823 163 3888 miae
184 3845 319 3908 campos.
365 3824 461 3908 Cujus
489 3829 558 3889 tum
586 3824 799 3889 multitudinis
827 3826 978 3907 adspectu
999 3845 1056 3888 rex
1083 3824 1250 3888 admodum

84 3929 182 3996 laetus
204 3935 308 3996 castra
330 3932 370 3995 ad
385 3931 571 4014 Euphraten
594 3929 732 3995 moveri⁸
751 3929 871 4014 jubete
916 3930 987 3995 Mos
1011 3935 1059 3996 est
1073 3929 1251 4007 Persarum,

84 4043 152 4102 orto
173 4036 259 4103 sole⁶
282 4037 408 4102 demum
429 4037 608 4122 procedere.
646 4037 729 4102 Tum
752 4036 879 4122 signum
902 4059 919 4102 e
941 4036 1146 4102 tabernaculo
1167 4035 1251 4119 ragis

82 4143 194 4210 bucina
221 4142 382 4210 dabatur⁶,
428 4142 529 4228 Super
554 4142 806 4222 tabemaculnm,
833 4142 918 4207 unde
941 4143 980 4208 ab
1004 4141 1150 4207 omnibus
1174 4161 1249 4204 con·
1269 4153 1303 4207 35

82 4252 160 4334 spici
192 4248 332 4337 posset⁷,
369 4251 477 4334 imago
509 4249 585 4314 solis
617 4249 767 4334 crystallo
800 4250 923 4314 inclusa
955 4249 1108 4334 fulgebat.
1164 4246 1249 4313 Ordo

81 4363 184 4424 autem
205 4356 339 4443 agminis
363 4361 431 4422 erat
452 4356 535 4422 talis.
572 4355 671 4442 Ignis,
693 4379 787 4440 quem
809 4356 871 4440 ipsi
894 4376 1017 4421 sacrum
1041 4357 1072 4417 et
1087 4357 1250 4418 aeternum
