3100 4936
753 247 816 305 216

175 427 235 486 334
277 425 312 484 lu
333 424 435 491 Asiam
468 421 620 498 profectus
653 419 784 494 primum
818 437 887 476 cum
921 416 1055 484 hostibus
1089 416 1172 493 signa
1208 417 1338 475 contulit
1367 417 1406 476 ad

356 510 579 573 Granicum
598 508 709 584 Mysiae
730 526 854 566 amnem.

275 609 414 673 Miletum
435 610 465 668 et
484 607 712 674 Halicarnasum
733 605 926 682 expugnavit3
951 622 1004 678 per
1024 602 1160 680 Lyciam,
1186 602 1403 680 Pamphyliam,

355 697 498 757 Pisidiam
518 695 669 772 profectus
691 693 890 755 Gordium
914 692 1019 760 urbem
1039 691 1135 768 petiit.

275 798 332 856 Per
371 794 586 872 Cappadociam
624 809 797 870 progressus
830 791 964 848 Taurum
1001 789 1185 850 transcendit
1222 789 1260 848 ad
1301 789 1404 849 urbem

355 885 536 957 Tarsum,
558 901 648 958 quam
669 881 796 939 mediam
816 879 979 958 Cydnus
1000 879 1093 938 amnis
1112 878 1266 938 interfluit.

275 983 432 1042 Darius
459 980 745 1042 Godomannus
771 978 870 1054 copias
891 995 959 1036 snas
979 977 1012 1036 in
1032 976 1167 1038 Ciliciam
1188 975 1282 1038 duxit.

174 1081 233 1141 333
274 1081 323 1139 Ad
343 1081 478 1139 Issum
505 1077 648 1154 oppidum
669 1077 730 1135 acie
751 1075 926 1144 dimicatum
947 1078 999 1136 est.
1445 1149 1448 1158 ,

173 1180 233 1239 332
276 1178 441 1238 Alexander
479 1178 511 1236 in
545 1175 711 1235 Phoenicen
750 1174 912 1248 descendit,
947 1174 1095 1251 Tyrum
1134 1174 1296 1249 expugnat,
1335 1171 1405 1230 inde

354 1268 588 1343 Aegyptum
612 1265 696 1340 petio.
739 1263 822 1322 Jovis
843 1263 1079 1322 Hammonis
1104 1263 1260 1321 oraculum
1281 1260 1351 1320 adit.

355 1354 654 1414 Alexandriam
679 1352 787 1412 condit.

172 1454 232 1514 331
274 1454 388 1513 Iterum
409 1471 478 1512 cum
503 1451 594 1510 Dario
615 1451 749 1526 confligit
769 1450 806 1508 ad
826 1449 981 1508 Arbela
1007 1447 1223 1526 (Gaugamela).

274 1551 387 1610 Deinde
417 1550 514 1626 capita
543 1549 627 1625 regni
657 1548 798 1624 sedesque
826 1566 933 1624 regum
958 1546 1152 1625 Babylonem,
1184 1546 1271 1621 Susa,
1302 1545 1404 1604 Perse·

353 1640 456 1716 polim,
477 1637 626 1698 acbatana
646 1638 734 1713 capit

171 1738 233 1797 330
274 1737 382 1796 Darius
403 1757 420 1794 a
440 1736 565 1795 Besso
585 1734 771 1794 interficitur.
812 1733 978 1792 Alexander
998 1733 1191 1810 Hyrcaniam,
1217 1733 1403 1806 Parthienen,

355 1825 466 1900 Ariam,
497 1825 709 1902 Drangianam‚
740 1823 931 1882 Arachosiam
956 1826 1106 1899 peragrat,
1129 1822 1403 1898 Paropamiso

353 1917 490 1990 superato
515 1914 623 1972 Bactra
656 1915 761 1988 intrat,
796 1913 906 1970 flumen
935 1911 1059 1972 Oxum
1089 1914 1208 1983 bausit,
1238 1930 1333 1987 usque
1363 1911 1403 1970 ad

352 2004 373 2062 J
382 2006 567 2062 axartem
591 2002 732 2079 procedit.
775 2002 925 2078 (Roxanen
944 2020 1067 2060 uxorem
1087 2001 1194 2078 duxit.)

276 2101 348 2160 Inde
373 2119 506 2160 reversus
531 2100 676 2158 Indum
700 2100 812 2158 flumen
836 2099 925 2174 petit3
950 2101 1032 2158 trans
1056 2097 1227 2176 Hydaspem
1253 2099 1403 2159 Porum

354 2209 453 2267 regem
466 2189 568 2264 vincit,
583 2189 739 2248 Acesinem
753 2190 784 2247 et
796 2187 981 2264 Hydraotem
1001 2188 1119 2264 trajicit,
1141 2189 1222 2247 ultra
1235 2187 1404 2266 Hyphasim

352 2279 509 2356 procedere
529 2279 636 2337 nolunt
656 2277 837 2337 Macedones.

273 2376 439 2436 Secundum
466 2376 574 2435 Indum
600 2376 733 2452 pervenit
760 2375 797 2434 ad
823 2374 1032 2435 Oceanum.
1073 2373 1307 2434 Nearchum
1331 2393 1402 2434 cum

353 2467 444 2526 classe
457 2485 510 2542 per
522 2485 602 2525 mare
616 2465 814 2542 Erythraeum
828 2467 858 2524 et
878 2464 976 2526 sinum
989 2464 1141 2524 Persicum
1160 2465 1233 2524 litus
1253 2465 1403 2542 legentem

351 2555 389 2614 ad
403 2556 479 2616 ostia
493 2555 621 2632 Tigridis
634 2555 703 2624 vehi
713 2554 808 2631 jubet,
830 2554 893 2630 ipse
908 2554 1037 2629 pedestri
1057 2554 1163 2613 itinere
1183 2573 1236 2629 per
1250 2552 1357 2614 Gedr
1367 2573 1402 2612 o·

352 2645 386 2702 si
397 2665 453 2702 am
479 2646 509 2702 et
528 2643 677 2702 Persidem
697 2643 784 2702 redit.

171 2739 231 2798 323
272 2740 422 2818 Babylona
442 2740 609 2800 Alexander
631 2743 769 2802 mortuus
789 2744 841 2800 est.

171 2837 231 2896 322
272 2839 392 2898 Bellum
420 2838 664 2899 Lamiacum.
718 2838 946 2914 Antipater
975 2837 1102 2898 Graecos
1137 2838 1174 2897 ad
1204 2837 1402 2898 Granonem

351 2928 465 3004 proelio
479 2927 564 2999 vicit;
579 2927 773 2995 Athenienses
786 2928 995 2996 Phocione
1021 2931 1141 2994 auctore
1155 2946 1257 3003 paoem
1275 2927 1402 2987 faciunt

273 3024 432 3086 Cassander
474 3045 574 3085 rerum
617 3027 731 3102 potitus
770 3025 984 3094 Demetrio
1023 3025 1229 3086 Phalereo
1268 3025 1403 3086 Athenas

351 3115 491 3192 regendas
511 3114 612 3176 tradit

609 3285 696 3371 Res
723 3284 961 3378 Romanae,

173 3441 231 3500 753
279 3443 372 3502 Roma
402 3441 528 3501 condita.
574 3440 692 3518 Septem
723 3446 850 3502 montes:
880 3443 1046 3516 Palatinus,
1078 3441 1276 3518 Capitolinus,

354 3531 531 3606 Aventinus,
559 3529 688 3606 Gaelius,
714 3531 895 3607 Esquilinus,
916 3531 1083 3606 Viminalis,
1106 3530 1275 3601 Quirinalis.

275 3629 394 3705 Septem
413 3648 509 3706 reges:
535 3629 681 3688 Romulus
703 3629 801 3705 (Titus
826 3629 955 3706 Tatius),
981 3628 1078 3688 Numa
1102 3629 1278 3706 Pompilius,

353 3717 460 3776 Tullus
489 3717 648 3794 Hostilius,
682 3719 783 3778 Ancus
818 3718 959 3790 Marcius,
995 3719 1173 3795 Tarquinius
1202 3719 1278 3778 Pris-

355 3825 414 3881 cus,
434 3806 555 3866 Servius
575 3807 703 3878 Tullius,
724 3808 902 3884 Tarquinius
923 3807 1082 3884 Superbus.

174 3902 233 3962 510
275 3904 428 3981 Tarquinii
442 3923 525 3982 reges
538 3905 569 3968 iu
590 3905 726 3968 exsilium
747 3906 850 3970 exacti.
891 3906 1060 3982 Regnatum
1081 3908 1125 3968 est
1137 3905 1247 3968 Romae
1269 3905 1305 3966 ab
1325 3906 1404 3966 urbe

355 3992 472 4055 condita
493 3993 530 4059 ad
550 3993 707 4062 liberatam
727 4013 818 4058 annos
839 3995 982 4056 ducentos
1003 3995 1198 4072 quadraginta
1219 3998 1371 4072 quattuor.

275 4089 342 4150 Duo
373 4091 508 4159 consules
535 4091 626 4155 creati
655 4094 726 4150 sunt
754 4091 790 4154 L.
817 4092 927 4154 Junius
955 4092 1069 4164 Brutus
1099 4095 1130 4152 et
1159 4092 1195 4152 A.
1220 4091 1404 4170 Tarquinius

356 4179 520 4242 Gollatinus
541 4180 587 4257 (L.
608 4180 746 4243 Valerius
766 4182 939 4259 Poplicola).

277 4277 487 4338 Porsenna
512 4277 702 4340 Glusinorum
722 4299 773 4340 rex
794 4281 909 4343 obsidet
928 4280 1041 4340 urbem.

355 4374 499 4434 Horatius
519 4367 631 4450 Cocles}
651 4377 769 4437 Mucius
790 4378 936 4454 Scaevola,
959 4377 1071 4439 Cloelia
1091 4380 1184 4456 virgo.
