3074 4934
805 239 867 299 108

249 435 409 500 nusquam
434 413 507 477 inde
534 409 617 477 nisi‘
643 412 678 476 in
703 410 843 495 patriam
869 411 1039 496 vestigium
1066 432 1134 474 esse
1159 415 1310 475 moturos.
1353 409 1425 476 Nec

215 529 232 563 ²·
246 522 316 606 jam
335 520 490 605 precibus,
513 519 569 584 sed
591 517 742 584 conviciis
764 518 943 595 utebantur,
961 516 1110 600 jubentes
1133 539 1205 582 eum
1227 517 1330 582 solum
1352 539 1427 583 cum

250 632 342 712 patre
356 649 415 692 suo
430 625 611 690 Hammone
625 624 707 689 inire
726 624 822 703 bella,
844 623 998 708 qno'niam
1019 623 1139 688 milites
1162 645 1237 688 suos
1258 625 1427 690 fastidiret

251 732 369 799 Contra
400 732 457 796 ille
488 753 574 797 nunc
604 729 779 815 castigare⁷
811 730 945 809 milites,
976 752 1061 794 nunc
1083 729 1209 794 lenibus
1230 731 1336 796 verbis
1358 754 1428 796 mo·

215 839 350 919 tnerel,
380 861 421 904 ne
452 839 626 924 gloriosam
652 837 805 902 militiam
832 836 1044 902 seditionibus
1072 838 1328 903 contaminarent
1373 837 1431 902 Ad

251 953 460 1034 postremum,
487 967 559 1010 cnm
586 943 692 1009 verbis
713 943 797 1008 nihil
818 943 997 1026 proficeret,
1030 965 1048 1007 e
1070 943 1225 1010 tribunali
1246 945 1281 1009 in
1303 945 1431 1009 contio-

251 1075 323 1118 nem
356 1057 511 1118 armatam
542 1051 672 1116 inermis
702 1051 770 1134 ipse
797 1049 925 1114 desiluit
951 1055 984 1114 et
1009 1050 1100 1115 nullo
1127 1050 1336 1134 prohibente⁸
1361 1055 1432 1116 tre·

252 1160 354 1226 decim
380 1157 548 1224 seditionis
576 1163 721 1222 auctores
752 1179 850 1220 manu
881 1178 939 1220 sua
971 1161 1132 1240 correptos
1163 1159 1203 1222 ad
1234 1157 1432 1242 supplicium

252 1265 436 1334 custodibus
463 1263 605 1349 corporis
631 1263 774 1328 tradidit
819 1262 896 1328 luds
923 1263 1096 1348 separatim
1118 1265 1237 1330 auxilia
1258 1264 1432 1330 Persarum

200 1374 287 1438 ltin
310 1372 456 1438 contione
479 1370 663 1455 alloquitur.
708 1369 830 1434 Laudat
851 1374 1037 1452 perpetuam
1059 1369 1190 1435 illorum
1213 1393 1286 1436 cum
1311 1371 1346 1434 iu
1373 1371 1431 1436 se⁹

253 1484 322 1545 tum
357 1477 393 1542 in
428 1477 581 1562 pristinos
612 1496 703 1560 reges
735 1476 849 1552 lidem3
879 1498 964 1540 nunc
996 1494 1131 1561 quoque,
1163 1477 1219 1557 ait,
1250 1477 1434 1542 custodiam

253 1586 393 1670 corporis
424 1584 475 1649 sui
506 1605 571 1648 non
602 1583 827 1648 Macedonibus
858 1587 984 1648 tantum
1016 1605 1063 1662 se,
1095 1605 1205 1648 verum
1236 1584 1334 1649 etiarn
1359 1584 1433 1649 illis

254 1692 453 1758 crediturum.
492 1689 583 1754 Mille
605 1711 644 1753 ex
666 1688 718 1754 his
737 1688 872 1774 juvenes
894 1689 929 1754 in
951 1712 1118 1754 numerum
1141 1690 1318 1756 satellitum
1339 1691 1433 1776 legit.

254 1799 358 1878 Quam
379 1820 449 1863 rem
471 1817 566 1882 aegre
588 1795 776 1861 Macedones
797 1796 947 1861 tulerunt

201 1965 234 2021 15
300 1964 351 2023 63.
396 1956 530 2022 Postero
558 1957 608 2021 die
636 1978 708 2021 cum
735 1955 980 2039 prohiberentur
1007 1955 1119 2035 aditu¹,
1150 1955 1301 2022 Asiaticis
1332 1959 1432 2023 modo

253 2063 413 2130 militibus
435 2063 591 2142 admissis,
613 2063 783 2149 lugubrem
804 2061 903 2127 totis¹
926 2061 1038 2127 castris
1062 2063 1226 2128 ediderunt
1249 2063 1433 2143 clamorem,

254 2171 490 2250 denuntiantes,
516 2169 664 2255 protinus
687 2190 720 2233 se
742 2167 930 2248 morituros,
958 2169 986 2233 si
1008 2190 1065 2233 rex
1087 2174 1303 2253 perseveraret
1324 2169 1434 2237 irasci.

254 2277 396 2362 Cumque
428 2277 495 2342 dies
526 2273 712 2360 noctesque⁸
745 2279 818 2340 ante
855 2275 978 2360 regiam
1015 2276 1218 2360 persistentes
1254 2276 1434 2341 miserabili

255 2385 393 2450 clamore
420 2384 596 2468 habituque
622 2381 852 2467 paenitentiam
884 2404 974 2447 suam
1007 2383 1228 2467 approbarent,
1259 2383 1354 2448 tertio
1380 2384 1436 2448 die

201 2499 236 2554 20
254 2513 310 2556 rex
336 2491 439 2556 victus
466 2489 645 2555 constantia
673 2489 851 2573 supplicum
881 2489 1047 2573 processit,
1079 2489 1284 2574 incusataque
1314 2489 1436 2555 leniter

255 2597 411 2663 exercitus
443 2595 655 2673 immodestia,
691 2615 756 2660 uon
789 2593 858 2660 sine
889 2595 1001 2660 multis
1032 2596 1195 2680 utrimque
1226 2596 1363 2661 lacrimis
1399 2597 1434 2660 in

254 2703 394 2790 gratiam
425 2724 459 2767 se
491 2723 563 2765 cum
594 2701 639 2765 eis
670 2699 793 2765 redire⁴
819 2701 980 2786 professus
1011 2707 1067 2768 est
1111 2702 1163 2768 lta
1194 2725 1289 2788 supra
1321 2702 1435 2768 decem
1528 2689 1529 2694 ἵ

254 2815 476 2875 veteranorum
513 2807 603 2873 milia
641 2807 773 2874 dimissa
811 2814 893 2889 sunt,
932 2831 1011 2895 quos
1050 2809 1259 2876 Craterus
1292 2811 1436 2877 deduxit.

255 2915 381 2982 bitteris
405 2916 500 2980 etiam
523 2916 563 2979 ad
585 2915 794 2999 Antipatrum
817 2916 942 3001 scriptis
965 2917 1120 2981 honorem
1142 2917 1280 2982 emeritis
1303 2915 1437 2981 haberi⁶

201 3032 236 3087 25
252 3023 359 3108 jussit,
390 3027 427 3088 ut
458 3022 604 3107 quotiens
635 3021 703 3087 ludi
731 3025 827 3106 atque
855 3023 1027 3088 certamina
1050 3024 1228 3103 ederentur,
1260 3022 1437 3107 inprimis

255 3129 420 3194 ordinibus
466 3127 610 3194 coronati
655 3131 840 3213 spectarent.
909 3129 1072 3195 Craterum
1110 3129 1316 3196 Macedoniae
1354 3151 1435 3194 con-

254 3236 491 3321 tinentibusque
518 3233 705 3320 regionibus
733 3257 804 3299 cum
831 3235 965 3320 imperio
995 3259 1141 3321 praeesse
1167 3235 1293 3321 jussit⁶,
1315 3237 1434 3301 Auti-

254 3349 404 3428 patrum
442 3365 514 3408 cum
553 3342 772 3426 supplemento
806 3343 970 3426 juniorum
1003 3343 1212 3410 Macedonum
1250 3343 1289 3408 ad
1320 3341 1436 3427 regehr

255 3471 395 3535 pergere.

201 3617 237 3674 30
302 3615 352 3674 64.
397 3608 495 3675 Motis
518 3609 592 3674 inde
615 3607 725 3676 castris
753 3609 1025 3695 Babylonem
1051 3611 1249 3695 procedebat.
1293 3610 1437 3695 Jamque

255 3713 310 3780 vix
337 3713 472 3800 triginta
499 3716 539 3780 ab
567 3714 646 3781 urbe
680 3715 810 3782 stadiis²
838 3717 960 3796 aberat,
994 3739 1067 3782 cum
1092 3716 1257 3784 Nearchus
1285 3717 1438 3797 occurrit,

257 3845 351 3908 quem
381 3843 438 3906 per
469 3821 629 3888 Oceanum
668 3827 700 3888 et
736 3822 912 3907 Euphratis
950 3824 1068 3890 ostium
1105 3823 1303 3909 Babylonem
1339 3846 1437 3908 prae-

255 3931 394 3998 miserat.
455 3929 588 4010 Orabat,
625 3952 665 3996 ne
697 3930 805 3996 urbem
837 3931 934 3997 vellet
963 3931 1101 4016 ingredi3
1139 3931 1269 3998 fatalem
1301 3953 1371 3998 eam
1404 3933 1437 3998 ei

255 4037 336 4118 fore,
365 4058 403 4102 ex
432 4033 599 4102 Chaldaeis
627 4059 660 4102 sa
688 4035 886 4122 comperisse.
931 4037 1000 4104 Rex
1022 4038 1108 4104 fama
1131 4060 1241 4104 eorum
1263 4036 1436 4103 hominum

202 4150 238 4206 35
257 4141 387 4223 motus',
411 4141 550 4208 dimissis
573 4143 607 4208 in
629 4143 741 4208 urbem
764 4144 937 4210 amicorum
959 4144 1128 4230 plerisque,
1151 4145 1214 4211 alia
1233 4145 1284 4210 via
1306 4149 1436 4229 praeter

255 4248 453 4334 Babylonem
478 4249 565 4315 ducit
588 4253 684 4334 atque
707 4251 747 4316 ab
772 4251 913 4316 ducentis
936 4249 1068 4318 stadiis³
1092 4252 1207 4318 stativa
1229 4252 1324 4318 locat.
1368 4251 1438 4318 Sed

257 4355 298 4422 ab
335 4354 526 4422 Anaxarcho
563 4355 754 4442 philosopho
800 4359 929 4424 edoctus
975 4358 1164 4442 contemptis
1202 4357 1437 4424 Chaldaeorum
