3092 4938
404 591 455 659 16.
495 594 637 661 Bellum
661 595 803 662 sociale.
843 613 874 661 a.
899 592 1087 662 aer-355.
1113 595 1205 681 (III)

216 747 218 754 ’
268 756 295 820 1.
340 751 404 817 Vix
426 753 547 819 bellum
567 753 754 820 Thebanum
777 754 987 838 compositum
1011 760 1087 834 erat,
1110 755 1202 821 cum1
1218 755 1401 824 Athenien-

221 879 270 924 ses
293 861 431 946 undique
458 861 544 928 bello
572 862 674 948 premi
701 866 775 927 sunt
798 859 931 945 coeptil.
976 861 1167 927 Defecerant
1196 863 1280 928 enim
1307 867 1401 946 socii,

221 965 301 1046 Chii,
325 967 389 1046 Coi,
411 968 538 1049 Rhodii,
561 969 719 1048 Byzantii,
735 973 767 1034 et
781 967 950 1053 Philippus
966 968 1098 1034 Macedo
1112 969 1178 1053 jam
1193 973 1270 1036 tunc
1285 972 1399 1038 valens

184 1075 323 1141 tmulta
354 1075 553 1144 moliebatur.
599 1076 742 1142 Chares
770 1076 810 1140 ad
842 1076 1086 1161 oppugnandam
1115 1076 1229 1142 Chium
1260 1078 1400 1144 missus8

221 1181 304 1247 male
335 1204 402 1249 rem
434 1183 542 1268 gessit.
595 1181 694 1248 Erat*
724 1183 758 1247 in
796 1182 896 1246 classe
929 1181 1113 1248 Chabrias
1146 1185 1301 1267 privatus,
1340 1186 1400 1250 sed

222 1309 346 1368 omnes,
376 1289 486 1374 quiin
509 1289 699 1375 magistratu
722 1291 825 1367 erant,
851 1289 1038 1353 auctoritate
1062 1289 1231 1370 anteibatl,
1259 1313 1399 1378 eumque

222 1395 324 1479 magis
356 1396 486 1474 milites,
518 1393 633 1480 quarn⁶
666 1395 721 1479 qui
752 1399 930 1478 praeerant,
962 1395 1183 1480 suspiciebant.
1230 1396 1317 1474 Quae
1344 1421 1399 1464 res

223 1500 252 1566 ei
279 1503 452 1568 maturavit
479 1507 621 1567 mortem.
667 1501 752 1566 Nam
780 1499 873 1565 dum⁷
904 1501 1024 1585 primus
1053 1503 1159 1567 studet
1190 1508 1320 1588 portum
1346 1505 1399 1569 in·

169 1619 204 1674 10
223 1611 307 1674 trare
333 1609 641 1694 gubernatoremque
661 1607 753 1691 jubet
776 1627 813 1671 eo
837 1606 972 1691 dirigere
995 1630 1121 1687 navem,
1148 1609 1216 1692 ipse
1238 1610 1301 1674 sibi
1324 1634 1399 1696 per-

222 1714 317 1780 niciei
343 1717 413 1782 fuit.
460 1713 539 1779 Cum
562 1715 647 1778 enim
670 1736 707 1778 eo
730 1717 939 1797 penetrasset,
967 1717 1087 1778 ceterae
1114 1737 1209 1780 naves
1233 1739 1298 1782 non
1321 1723 1401 1784 sunt

223 1827 357 1890 secutae.
404 1821 473 1900 Quo
496 1821 581 1886 facto
606 1817 833 1884 circumfusus8
855 1820 994 1885 hostium
1018 1843 1174 1886 concursu
1195 1845 1267 1890 curn
1289 1825 1399 1890 fortis-

224 1926 301 1992 sime
328 1933 497 2014 pugnaret,
526 1927 615 1992 navis
643 1931 746 1992 rostro
774 1949 922 2012 percussa
945 1927 1067 2012 coepit⁸
1090 1929 1205 1994 sedere.
1251 1929 1323 2015 Ipse
1346 1953 1400 1996 re·

224 2035 333 2120 fugere
366 2021 457 2101 cum⁹
488 2037 607 2120 posset,
640 2034 667 2099 si
699 2057 732 2099 se
763 2033 797 2097 in
828 2056 914 2098 mare
943 2035 1118 2118 dejecisset,
1150 2019 1236 2122 quod
1267 2031 1400 2103 suberat

172 2151 205 2209 15
225 2142 332 2208 classis
355 2142 612 2221 Atheniensium,
639 2163 720 2226 quae
748 2139 938 2224 exciperet¹⁰
961 2146 1117 2220 natantes,
1144 2144 1246 2226 perire
1273 2144 1400 2222 maluit,

190 2257 320 2334 *quam
347 2249 442 2314 armis
470 2248 602 2332 abjectis
625 2270 734 2312 narem
759 2247 951 2331 relinquere,
979 2270 1042 2332 qna
1069 2247 1174 2314 fuerat
1196 2254 1313 2315 vectus.
1360 2249 1401 2316 Id

225 2356 320 2420 ceteri
342 2356 445 2420 facere
460 2355 642 2430 noluerunt;
681 2353 770 2438 qui11
792 2353 895 2418 nando
911 2355 944 2418 in
967 2357 1072 2419 tutum
1093 2359 1311 2439 pervenerunt.
1344 2357 1400 2422 'At

224 2461 279 2527 ille
306 2460 500 2546 praestarell
528 2461 695 2524 honestam
724 2465 858 2524 mortem
882 2461 1064 2526 existimans
1091 2463 1178 2546 turpi
1199 2464 1283 2528 vitae
1311 2485 1399 2527 com-

225 2568 327 2632 minus
350 2589 496 2654 pugnans
519 2567 591 2633 telis
613 2566 753 2630 hostium
775 2567 958 2633 interfectus
982 2572 1038 2633 est.

168 2719 207 2774 20
271 2718 299 2775 2.
344 2709 382 2774 In
406 2709 539 2774 Charete
567 2730 638 2772 cum
665 2729 730 2772 non
757 2708 834 2773 satis
857 2730 925 2773 esse
952 2709 1119 2793 praesidiil
1142 2711 1336 2793 putareturl,
1360 2713 1401 2778 fit

225 2816 427 2882 Menestheus
459 2815 590 2880 alterius
618 2815 726 2880 classis
757 2789 899 2898 pra‘etor,
930 2815 1015 2880 filius
1046 2815 1268 2900 Iphicratis,
1300 2839 1402 2904 gener

225 2921 435 3001 Timothei,
459 2927 499 3001 et,
521 2926 558 2986 ut
573 2923 613 2986 ad
636 2922 756 2986 bellum
771 2922 1016 3006 proficiscatur²,
1039 2924 1229 3002 decernitur3
1253 2926 1400 3011 collegae

226 3031 255 3094 ei
282 3031 397 3094 dantur
425 3030 487 3095 duo
515 3051 575 3094 usu
603 3029 822 3114 sapientiaque
853 3033 1063 3114 praestantes,
1096 3053 1231 3114 quorum
1263 3033 1399 3100 consilio

225 3134 396 3216 utereturl,
423 3139 514 3220 pater
542 3139 574 3200 et
601 3157 701 3214 socer,
730 3137 815 3220 quod
842 3137 876 3200 in
905 3135 955 3200 his
982 3139 1072 3202 tanta
1100 3141 1168 3202 erat
1195 3139 1400 3218 auctoritas⁸,

170 3251 207 3306 25
226 3247 263 3308 ut
290 3265 407 3329 magna
433 3265 505 3328 spes
533 3247 628 3322 esset,
655 3265 712 3328 per
739 3265 791 3308 eos
819 3242 936 3308 amissa
962 3241 1074 3328 posse4
1101 3246 1288 3328 recuperari.
1334 3244 1402 3322 Qui

227 3371 298 3414 curn
325 3350 515 3435 Byzantium
542 3349 677 3433 profecti
704 3354 808 3414 essent
836 3353 868 3414 et
896 3349 1005 3415 eodem
1029 3349 1158 3430 Chares,
1186 3352 1314 3416 illorum
1340 3354 1400 3418 ad·

226 3459 323 3519 ventu
346 3457 489 3541 cognito,
512 3478 584 3521 cum
608 3456 673 3520 suis
696 3455 794 3540 copiis
818 3455 1082 3538 proficisceretur,
1104 3479 1144 3521 ne
1168 3458 1244 3542 quid
1266 3459 1401 3524 absente

228 3559 280 3626 sel
303 3565 429 3646 gestum
446 3563 612 3641 videretur,
635 3563 757 3642 accidit,
781 3583 853 3626 cum
876 3562 916 3626 ad
931 3563 1082 3646 oppidum
1098 3565 1402 3650 appropinquarent,

228 3671 264 3733 ut
286 3690 402 3753 magna
428 3673 601 3754 tempestas
626 3673 775 3734 oreretur.
822 3666 925 3746 Quam
953 3669 1071 3734 evitare
1099 3671 1161 3736 duo
1188 3677 1310 3738 veteres
1336 3672 1401 3738 im-

171 3778 388 3858 superatores
415 3774 493 3839 utile
516 3773 681 3840 arbitrati⁶
704 3795 794 3840 suam
817 3774 948 3840 classem
976 3781 1223 3860 suppresserunt.
1268 3778 1314 3844 At
1339 3780 1401 3845 ille

228 3881 395 3945 temeraria
421 3903 496 3944 usus
523 3880 667 3946 ratione⁷
694 3902 758 3946 non
785 3881 879 3946 cessit
909 3881 1067 3965 majorum
1097 3887 1175 3948 natu
1206 3885 1401 3967 auctoritati,

228 3987 316 4053 velut
338 3987 420 4052 siin
443 4009 500 4052 sua
522 4009 618 4052 manu
641 3992 723 4052 esset
744 3987 879 4055 fortuna.
917 3989 988 4066 Quo
1012 3991 1224 4072 contenderat,
1246 3992 1403 4076 pervenit,

230 4095 401 4179 eodemque
427 4093 484 4159 ut⁸
510 4099 729 4178 sequerentur,
757 4097 797 4160 ad
819 4095 1022 4160 Timotheum
1046 4101 1077 4161 et
1099 4095 1289 4192 Iphicraten
1315 4122 1402 4166 nun-

229 4199 310 4264 tium
336 4201 432 4266 misit.
477 4199 539 4268 sed
562 4201 644 4264 male
668 4222 702 4266 re
730 4205 836 4286 gesta,
863 4202 1077 4285 compluribus
1106 4203 1227 4268 amissis
1255 4205 1404 4287 navibus,

171 4312 211 4369 at
231 4326 282 4384 eo,
308 4307 392 4371 unde
415 4311 482 4372 erat
503 4305 676 4391 profectis,
704 4329 738 4372 aa
760 4307 873 4391 recipit
896 4308 1081 4393 litterasque
1104 4310 1247 4376 Athenas
1270 4311 1404 4394 publice
