3100 4936
741 285 804 344 212

162 459 221 518 480
261 459 414 518 Xerxes
434 457 629 534 Hellesponto
651 458 770 533 juncto,
795 456 913 517 Athone
940 456 1085 532 perfosso,
1112 459 1143 514 et
1162 457 1238 516 mari
1258 459 1287 516 et
1306 459 1387 516 terra

340 547 453 606 bellum
478 545 617 606 Graeciae
646 547 751 605 intulit
780 565 849 605 cum
877 547 968 604 tantis
999 545 1106 621 copiis
1136 553 1262 622 quantas
1287 565 1384 622 neque

340 640 426 696 antea
445 653 540 712 neque
561 637 664 711 postea
683 635 789 693 habuit
809 635 976 710 quisquam.

259 725 470 785 Leonidas
497 723 800 784 Lacedaemoniorum
823 743 875 782 rex
899 724 1006 782 missus
1032 725 1088 797 est,
1119 723 1173 798 qui
1199 723 1386 782 Thermo-

343 815 464 892 pylas
485 815 646 889 oocuparet
657 813 836 890 longiusque
849 813 989 872 barbaros
1002 812 1142 889 progredi
1155 831 1215 871 non
1233 815 1386 888 pateretur

338 904 472 963 Trecenti
508 903 646 978 Spartani
685 921 754 962 cum
792 921 861 978 rege
896 921 930 960 eo
964 903 1030 961 loco
1065 921 1165 960 omnes
1199 902 1384 961 interierunt·

339 993 492 1068 Ephialtes
511 993 653 1068 proditor.

261 1080 367 1141 Classis
396 1082 560 1141 communis
587 1079 725 1140 Graeciae
756 1081 888 1156 primum
913 1079 993 1154 apud
1019 1079 1295 1138 Artemisium
1317 1098 1386 1158 pro·

338 1171 519 1230 montorium
533 1171 612 1228 inter
624 1170 776 1228 lluboeam
796 1169 1052 1243 continentemque
1073 1170 1183 1226 terram
1204 1187 1273 1227 cum
1294 1168 1385 1228 alasse

337 1260 417 1336 regis
437 1259 575 1318 conflixit.

257 1349 366 1407 Xerxes
399 1348 603 1424 Thermopylis
642 1347 816 1423 expugnatis
849 1347 990 1422 Thespias
1032 1348 1062 1404 et
1101 1344 1237 1404 Plataeas
1277 1364 1385 1406 vacuas

338 1437 510 1496 hominibus
521 1436 663 1508 incendit3
677 1437 813 1511 protinus
827 1435 931 1494 deinde
945 1435 1068 1494 accessit
1081 1435 1118 1493 ad
1130 1435 1234 1493 urbem
1244 1435 1383 1510 Athenas,

338 1545 435 1586 arcem
453 1525 587 1584 incendio
608 1524 725 1584 delevit.

261 1615 365 1675 Graeci
395 1618 516 1674 classem
545 1613 785 1690 Eurybiade
814 1613 1047 1673 Lacedaemonio
1076 1614 1253 1689 imperatore
1283 1617 1385 1674 contra

338 1705 469 1764 Athenas
483 1703 592 1780 apudS
603 1704 640 1762 al
650 1724 667 1762 a
676 1703 783 1762 mina
796 1703 925 1762 insulam
939 1703 1170 1775 constituerunt;
1185 1723 1254 1763 cum
1267 1723 1385 1763 manere

338 1813 396 1853 non
421 1795 576 1865 auderent,
605 1792 912 1852 Themistocles
941 1793 1050 1863 effecit,
1079 1795 1115 1851 ut
1138 1793 1226 1852 inriti
1250 1795 1287 1852 ad
1310 1813 1386 1871 pug-

338 1884 469 1942 nandum
496 1901 595 1942 omnes
621 1884 804 1959 cogerentur.
851 1881 1026 1957 (Artemisia
1050 1883 1154 1958 regina
1178 1883 1385 1961 Halicarnasi.)

338 1972 442 2030 Victus
467 1972 576 2030 Xerxes
606 1973 651 2030 est
678 1971 773 2048 magis
798 1971 888 2028 etiam
915 1971 1036 2029 eonsiho
1062 1971 1268 2031 Themistoclis
1294 1992 1386 2048 quam

338 2061 427 2120 armis
447 2059 596 2120 Graeciae.

160 2149 218 2206 479
261 2146 501 2211 Mardonius
522 2169 591 2210 cum
605 2150 735 2208 exercitu
755 2149 879 2208 relictus
899 2149 1384 2210 aPausaniaLacedaemcnio

338 2237 760 2298 etAristideAtheniensi
781 2237 1030 2297 adPlataeas
1050 2239 1164 2314 proelio
1185 2240 1308 2315 fugatus
1329 2241 1384 2299 est.

257 2329 369 2388 Eodem
394 2329 471 2388 forte
495 2328 544 2388 dio
570 2329 660 2388 etiam
685 2328 782 2388 navali
807 2329 920 2403 proelio
945 2329 978 2385 in
997 2327 1070 2386 Asia
1095 2329 1150 2391 sub
1175 2332 1275 2388 monte
1302 2327 1384 2406 My·

338 2418 426 2478 cale
456 2417 581 2477 ducibus
610 2416 790 2494 Leotychide
816 2415 931 2475 Lacone
960 2418 990 2475 et
1014 2416 1183 2494 Xanthippo
1209 2417 1382 2478 Atheniensi

337 2508 461 2566 Periclis
480 2509 564 2583 patre
585 2507 760 2565 dimicatum
781 2509 834 2564 est.

260 2603 381 2662 Summa
405 2605 523 2680 imperii
548 2605 692 2663 maritimi
716 2604 753 2663 ab
773 2603 1013 2663 Lacedaemoniis
1038 2605 1216 2664 transfertur
1235 2605 1272 2663 ad
1292 2605 1383 2664 Athe-

324 2694 447 2752 nienses.
489 2693 655 2752 Commune
670 2693 897 2754 Atheniensium
912 2696 942 2751 et
960 2693 1110 2755 sociorum
1123 2695 1268 2754 aerarium
1286 2694 1384 2754 Deli

336 2783 541 2841 constitutum.

159 2879 218 2936 469
260 2878 399 2938 Cimon
420 2879 499 2955 apud
513 2879 821 2956 Eurymedonta
841 2880 966 2940 flurium
979 2880 1137 2950 Persarum
1152 2882 1274 2964 classem
1287 2881 1383 2941 devic-

336 2971 399 3027 tam
419 2969 497 3045 cepit
517 2969 677 3044 eodemque
698 2968 745 3028 die
766 2969 831 3046 pari
852 2969 971 3028 fortuna
991 2969 1022 3028 in
1042 2975 1122 3028 terra
1141 2989 1214 3030 usus
1235 2973 1287 3030 est.

257 3065 376 3125 Bellum
395 3066 574 3126 Messenium
594 3067 718 3125 tertium
737 3085 833 3144 usque
854 3067 892 3126 ad
911 3087 936 3126 a.
959 3067 1026 3126 455.

256 3165 423 3224 Pericle
461 3165 602 3225 suadente
638 3165 766 3240 pecunia
805 3185 822 3224 a
860 3165 948 3234 sociis
981 3165 1089 3224 collata
1123 3187 1140 3224 a
1174 3167 1249 3226 Delo
1283 3166 1383 3225 insula

336 3253 467 3312 Athenas
487 3255 671 3314 transfertur.

159 3350 217 3408 460
259 3350 365 3410 Classis
385 3350 610 3410 Atheniensium
635 3351 673 3409 ad
693 3369 779 3428 opem
798 3350 922 3410 Inaro
943 3352 1081 3411 adversus
1102 3352 1207 3412 Persas
1226 3353 1382 3412 rebellanti

334 3441 483 3500 ferendam
503 3441 535 3498 in
554 3439 725 3516 Aegyptum
745 3440 842 3498 missa.

257 3537 473 3598 Corinthii
499 3539 531 3596 in
550 3537 732 3615 Megaridem
756 3537 912 3610 invadunt3
939 3557 1020 3598 senes
1046 3542 1075 3598 et
1101 3541 1188 3614 pueri
1209 3541 1380 3618 quicunque

335 3646 417 3686 arma
441 3627 518 3686 ferre
543 3629 681 3704 poterant
699 3626 916 3703 Myronide
942 3628 1016 3688 duce
1038 3628 1156 3688 obviam
1177 3633 1249 3689 eunt
1268 3631 1379 3690 hostes-

335 3736 393 3794 que
412 3717 568 3794 repellunt

156 3811 213 3870 457
254 3812 554 3880 Lacedaemoniorum
568 3815 713 3874 exercitus
726 3833 780 3892 per
793 3813 946 3874 Boeotiam
966 3815 1152 3892 proficiscens
1172 3817 1245 3876 vicit
1257 3817 1381 3877 Atheni-

336 3921 418 3963 enses
438 3904 497 3963 iter
515 3905 744 3964 intercludentes
765 3903 802 3963 ad
823 3904 1056 3981 Tanagram.

255 4007 337 4069 Victi
372 4009 503 4158 lelebani
543 4012 580 4070 ad
616 4011 861 4089 Oenophyta
895 4011 1120 4072 Atheniensium
1159 4016 1258 4088 partes
1295 4012 1380 4089 sequi

334 4100 425 4159 coac'
448 4103 526 4159 sunt

254 4204 463 4266 Telmides
476 4206 712 4282 Peloponnesum
731 4207 822 4268 classe
843 4207 1063 4266 circumvehens
1077 4206 1379 4268 Lacedaemoniorum

335 4313 421 4372 agros
440 4296 576 4358 vastavit

255 4397 338 4458 (lim
347 4420 365 4459 o
374 4422 394 4459 n
407 4401 655 4460 Lacedaemonem
668 4403 818 4478 profectus
832 4403 976 4462 induti
986 4423 1003 4462 a
1013 4422 1026 4462 s
1036 4403 1064 4462 V
1074 4421 1217 4463 annorum
1231 4403 1378 4462 conciliat
