3100 4936
860 315 922 376 150

346 487 391 552 Μ.
442 488 537 556 Scies.
586 487 687 554 Erant
719 511 771 582 ex·
790 489 868 554 urbe
899 488 951 554 hic
983 488 1121 553 advenae
1153 486 1381 552 adulescentuli
1408 487 1459 550 im-

193 683 200 704 ·
300 594 402 679 probi,
425 595 480 681 qui
502 595 642 660 animum
666 595 733 681 ejus
756 599 789 662 et
810 617 913 661 mores
936 599 1142 680 corruperunt
1165 597 1261 678 atque
1285 594 1325 659 ad
1346 615 1461 658 omnem

299 702 474 786 nequitiam
506 725 578 768 eum
605 703 811 770 adduxerunt.
862 702 944 780 Quid
971 703 1086 781 multa,
1116 702 1150 766 in
1178 701 1339 765 luxuriam
1366 703 1397 765 et
1421 701 1460 762 vi-

301 814 365 874 tam
396 810 584 876 dissolutam
612 809 797 890 effunditur,
824 833 877 876 aes
900 810 1039 875 alienum
1062 808 1230 874 contrabit.
1277 807 1460 873 Haeoclam

264 924 350 981 5me
381 918 494 983 omnia
545 915 612 983 Ubi
638 938 706 981 rem
732 916 837 996 tascii,
864 917 954 1000 coepi
981 938 1046 981 non
1074 915 1259 980 humanitus
1289 936 1361 978 eum
1387 918 1459 978 trac·

298 1027 379 1102 tare3
415 1023 555 1109 quotidie
587 1024 787 1090 accusabam:
840 1023 955 1104 „Hem‚
985 1023 1084 1089 tibine
1115 1023 1194 1088 baec
1226 1021 1344 1086 diutius
1376 1022 1460 1086 licere

299 1153 407 1216 speras
443 1131 547 1197 facere
582 1154 634 1196 me
669 1131 740 1196 vivo
772 1135 884 1215 patre?
931 1130 1040 1208 Erras,
1078 1131 1106 1194 si
1136 1129 1170 1194 id
1203 1129 1317 1209 credis¹
1355 1133 1385 1194 et
1415 1150 1460 1192 mc

296 1237 435 1322 ignoras,
467 1237 577 1303 Clinia.
630 1237 731 1303 Nulla
762 1260 801 1302 ex
831 1259 866 1302 re
897 1237 983 1302 istud
1015 1237 1068 1316 fit,
1098 1236 1161 1300 nisi
1191 1235 1291 1300 nimio
1324 1257 1361 1300 ex
1393 1236 1459 1300 otio.

297 1343 368 1429 Ego
396 1346 480 1410 istud
507 1345 619 1410 aetatis
642 1367 705 1409 non
729 1345 880 1410 conviviis
907 1344 1068 1410 nocturnis
1097 1365 1226 1426 operam
1259 1343 1386 1422 dabam,
1411 1342 1460 1406 sed

245 1456 278 1515 10
296 1449 331 1514 in
357 1450 469 1515 Asiam
499 1451 575 1515 hinc
605 1450 670 1515 abii
700 1456 831 1536 propter
861 1451 1043 1536 pauperiem
1075 1454 1170 1534 atque
1200 1449 1247 1514 ibi
1280 1449 1375 1514 simul
1398 1470 1459 1512 rem

297 1559 330 1620 et
365 1557 502 1642 gloriam
539 1557 617 1622 belli
654 1557 751 1622 armis
787 1558 939 1642 repperi“
998 1557 1162 1623 Postremo
1200 1579 1237 1621 eo
1275 1578 1325 1622 res
1361 1556 1459 1621 rediit:

297 1663 382 1728 filius
409 1687 502 1749 saepe
530 1665 639 1728 eadem
666 1668 699 1729 et
726 1663 866 1748 graviter
893 1664 1048 1729 audiendo
1076 1663 1179 1728 victus
1207 1667 1269 1743 est,
1296 1663 1330 1727 in
1358 1663 1459 1728 Asiam

298 1771 338 1836 ad
359 1793 468 1857 regem
490 1771 661 1836 militatum
684 1770 771 1851 abiit,
794 1770 951 1836 Chremes.
1116 1767 1169 1834 Gt.
1217 1770 1301 1848 Quid
1324 1769 1389 1836 ais?

340 1877 385 1944 M.
431 1877 521 1943 Clam
543 1899 593 1942 me
616 1877 777 1962 profectus
800 1899 922 1942 menses
945 1881 1009 1942 tres
1032 1876 1130 1941 abest.

242 1989 274 2046 15
342 1983 395 2050 Ch.
440 1983 617 2068 Impietatis
645 1984 772 2069 quidem
798 1983 878 2048 illud
906 1984 1080 2069 inceptum,
1107 1984 1272 2069 prudentis
1300 1988 1405 2048 tamen
1430 1987 1459 2046 et

292 2091 414 2157 strenui
437 2091 534 2156 animi
557 2094 605 2155 est
627 2090 762 2175 signum.

338 2197 383 2264 M.
428 2197 495 2263 Ubi
523 2181 662 2281 comperi
689 2219 729 2261 ex
756 2196 814 2276 eis,
843 2197 898 2281 qui
925 2197 1014 2262 fuere
1040 2197 1137 2282 fugae
1166 2197 1297 2277 conscii,
1325 2198 1391 2283 ipse
1411 2219 1458 2260 me

294 2303 452 2382 accusavi3
487 2307 625 2368 maestus
663 2306 757 2387 atque
794 2303 977 2387 perturbato
1015 2303 1120 2368 animo
1156 2325 1233 2388 prae
1266 2304 1457 2390 aegritudine

291 2409 343 2474 hic
375 2432 425 2474 me
457 2432 600 2488 exerceo,
631 2432 688 2476 nec
720 2409 768 2475 fas
802 2432 869 2475 esse
900 2415 992 2494 pute,
1024 2411 1092 2475 ulla
1124 2433 1174 2476 me
1202 2411 1365 2496 voluptate
1392 2411 1457 2486 frui,

237 2525 272 2582 20
291 2517 354 2582 nisi
375 2517 432 2582 ubi
453 2517 508 2583 ille
531 2517 636 2583 salvus
658 2516 793 2582 redierit.
1130 2595 1132 2602 y

339 2621 390 2690 Cb.
434 2623 567 2709 Ingenio
582 2627 615 2688 te
638 2645 705 2688 esse
728 2623 762 2686 in
784 2623 901 2690 liberos
924 2623 988 2688 leni
1010 2629 1097 2709 puto,
1121 2627 1152 2689 et
1174 2625 1266 2690 illum
1289 2625 1457 2710 obsequen-

292 2735 370 2810 tem,
397 2730 424 2794 si
452 2730 523 2814 quis
551 2733 635 2794 recte
663 2733 827 2808 tractaret;
855 2752 965 2796 verum
992 2754 1095 2816 neque
1122 2731 1216 2796 illum
1247 2735 1283 2797 tu
1307 2733 1383 2798 satis
1405 2754 1457 2796 no·

294 2859 392 2910 veras,
416 2859 474 2901 nec
496 2840 528 2901 te
550 2836 613 2900 ille.
660 2835 719 2917 Tu,
742 2838 853 2921 quanti
875 2837 967 2902 illum
989 2839 1150 2922 penderes
1173 2861 1337 2924 nunquam
1360 2844 1457 2904 osten·

292 2943 391 3033 disti,¹
410 2965 469 3008 nec
490 2943 547 3008 ille
569 2943 629 3008 tibi
651 2943 775 3008 credere
799 2967 892 3009 ausus
916 2948 977 3024 est,
1005 2967 1086 3030 quae
1108 2945 1210 3011 filium
1232 2947 1315 3030 patri
1338 2946 1458 3012 credere

235 3059 269 3114 25
289 3073 425 3136 aequum
447 3054 503 3117 est.
549 3047 641 3127 Quod
663 3050 691 3115 si
714 3055 795 3116 esset
817 3051 947 3132 factum,
969 3051 1047 3117 haec
1069 3075 1233 3137 nunquam
1256 3053 1437 3118 evenissent.

332 3157 378 3222 Μ.
423 3157 473 3224 Ita
494 3180 544 3223 res
568 3162 624 3238 est,
646 3157 755 3225 fateor.
801 3159 970 3223 Peccatum
992 3159 1087 3225 etiam
1110 3183 1129 3224 a
1151 3182 1201 3224 me
1224 3164 1280 3226 est.

336 3263 386 3329 Gt.
433 3263 478 3329 At
507 3286 566 3351 ego
594 3265 674 3330 bene
702 3265 740 3330 de
767 3265 823 3330 illo
846 3287 939 3350 spero
963 3269 1059 3351 atque
1080 3267 1262 3352 propediem
1284 3267 1378 3333 illum
1400 3267 1457 3331 sal·
1523 3309 1524 3367 p

291 3395 367 3436 vum
389 3372 450 3436 tibi
471 3372 523 3437 hic
547 3371 719 3437 affuturum
742 3372 872 3438 confido.

332 3478 377 3542 Μ.
422 3478 556 3544 Utinam
578 3479 624 3543 ita
647 3479 679 3543 di
701 3463 816 3544 faxint!

237 3591 273 3650 30
340 3581 390 3648 Cb.
436 3583 574 3650 Facient.
599 3623 641 3634 -
664 3584 760 3651 Nunc
783 3586 810 3650 si
833 3587 1034 3652 commodum
1057 3591 1112 3667 est,
1135 3587 1289 3674 Dionysia
1311 3588 1365 3653 hic
1388 3590 1456 3653 sunt
1522 3637 1523 3640 ,

286 3689 396 3756 hodie:
429 3691 513 3774 apud
535 3713 586 3755 me
609 3691 652 3756 sis
674 3691 757 3756 volo.
918 3693 965 3756 M.
1011 3692 1087 3759 Non
1109 3715 1247 3778 possum

335 3793 386 3861 Gt.
432 3794 495 3861 Gur
517 3800 604 3862 non?
642 3795 776 3876 Quaeso,
798 3799 927 3864 tandem
950 3799 1184 3885 aliquantulum
1206 3801 1265 3866 tibi
1290 3823 1392 3885 parce.

331 3902 376 3968 M.
422 3901 497 3968 Non
521 3904 676 3972 convenit.
841 3903 893 3970 012.
939 3905 1044 3972 Sicine
1068 3911 1116 3972 est
1139 3907 1317 3976 sententia?
1521 3939 1522 3977 i

330 4008 375 4073 M.
421 4007 480 4075 Sic.
645 4009 694 4076 Gt.
741 4011 829 4076 Bene
851 4013 935 4078 vale!
1095 4013 1141 4078 Μ.
1188 4014 1232 4080 Fit
1254 4017 1303 4080 tu!
1328 4013 1421 4100 (abit).

235 4123 271 4178 35
338 4113 389 4181 Ch.
434 4115 592 4182 Lacrimas
640 4118 779 4184 excussit
825 4119 904 4184 mihi
950 4120 1140 4204 miseretque
1183 4143 1233 4186 me
1276 4121 1353 4206 ejus.
1399 4119 1455 4186 Sed

286 4225 411 4306 tempus
440 4226 488 4288 est
514 4245 641 4289 monere
668 4247 719 4290 me
745 4225 830 4290 hunc
858 4226 996 4291 vicinum
1023 4225 1191 4310 Phaniam,
1219 4228 1259 4293 sd
1287 4250 1398 4293 cenam
1423 4229 1454 4290 ut
1520 4207 1521 4283 i

288 4329 402 4395 veniat
444 4329 528 4420 ibo,
565 4329 679 4412 visam,
717 4331 745 4396 si
783 4319 874 4397 domi
905 4337 961 4398 est
1016 4333 1123 4420 (iuuat
1152 4334 1292 4400 Phaniae
1323 4337 1454 4404 domum·

287 4458 358 4499 moa
399 4439 498 4521 cedit).
559 4436 650 4503 Nihil
688 4459 767 4524 opus
805 4439 867 4504 fuit
903 4440 1074 4523 monitore,
1112 4441 1180 4528 jam
1218 4441 1337 4509 dudum
1375 4439 1454 4508 domi
