3100 4936
816 241 880 302 152

305 411 374 478 Clit.
420 411 471 478 Ite
493 412 595 478 oredo.
1304 395 1306 400 ¹

312 517 381 585 cer.
426 518 499 606 Ego
536 519 591 584 ibo
623 517 699 584 hino
729 519 829 600 intro,
865 523 903 585 ut
933 518 1071 598 videam,
1108 518 1185 602 quid
1216 539 1311 584 oense
1342 516 1435 582 nobis
1518 523 1519 530 ’

261 625 312 691 sit.
368 624 432 706 Tu,
468 629 505 690 ut
535 628 660 710 tempus
693 629 741 690 est
772 625 847 706 diei,
878 625 949 690 vide
980 623 1036 704 sis,
1067 646 1107 688 ne
1140 646 1202 708 quo
1233 624 1309 689 hino
1340 623 1435 690 ebees
1519 618 1520 702 l

258 731 397 818 longius.
442 731 540 815 (aes.)
1519 713 1520 780 l

225 847 242 901 5
310 837 377 905 Odit.
422 837 516 919 Hem,
538 838 617 902 mihi
638 860 696 923 per
718 839 816 904 elium
839 838 977 904 ostendit
998 860 1089 904 suem
1111 837 1308 904 sententiam.

749 999 867 1067 Scene
888 999 945 1065 ΠΙ.

524 1142 635 1210 crinis
681 1143 780 1229 Syme
803 1164 920 1209 servus.
965 1142 1176 1208 Menedemus.

312 1265 389 1333 Clio.
435 1267 633 1351 (ambulans).
678 1266 783 1333 Nemo
807 1271 854 1332 est
876 1266 1020 1332 miserior
1041 1269 1105 1332 mel
1185 1251 1189 1263 ¹

313 1371 346 1440 S.
391 1372 639 1453 Salve‚01inie!
687 1371 770 1451 Quid
796 1378 832 1439 tu
860 1395 894 1439 es
920 1377 987 1438 tem
1015 1377 1154 1438 moestus
1178 1379 1210 1439 et
1232 1373 1339 1439 animo
1362 1395 1438 1440 oon·

206 1483 241 1542 10
257 1479 407 1546 turbatos

310 1585 388 1652 Clin.
432 1585 594 1666 Noscisne,
617 1609 680 1671 quo
697 1608 756 1672 ego
772 1587 934 1672 opprimar
948 1591 1084 1674 angore?
1106 1586 1168 1652 Vel
1191 1588 1320 1652 domum
1341 1588 1436 1652 redu-

267 1716 337 1761 oem
351 1716 402 1759 me
418 1717 437 1759 a
452 1694 546 1759 domo
569 1694 674 1778 patrie
696 1694 817 1760 abesse!
840 1695 941 1760 filium
964 1699 1088 1779 petrem
1111 1695 1197 1760 adire
1219 1715 1284 1760 non
1307 1694 1438 1758 audere!
1522 1718 1523 1788 p

308 1800 342 1866 S.
389 1800 436 1866 At
457 1805 548 1886 pater
570 1801 675 1866 veniet
696 1800 759 1865 huo
782 1801 822 1866 ed
844 1805 885 1867 te.
1050 1799 1128 1866 Clio.
1175 1799 1259 1878 Quid
1281 1801 1349 1866 uis?
1522 1791 1523 1826 ¹

311 1907 346 1973 S.
391 1907 464 1994 Ego
496 1908 610 1974 missus
643 1930 662 1972 a
689 1907 818 1972 domino
844 1909 956 1972 voeevi
982 1909 1022 1974 ad
1050 1929 1168 1976 oenum.
1213 1906 1293 1972 Cum
1319 1927 1437 1992 negare

212 2017 247 2072 15
265 2018 489 2101 perseveraret,
510 2015 662 2092 nuntiavi,
685 2019 717 2080 te
739 2015 792 2080 hio
815 2037 882 2081 esse
905 2016 990 2100 epud
1011 2037 1078 2082 nos.
1123 2015 1246 2081 Veniet.

313 2119 392 2187 Clio.
447 2120 571 2188 heum?
617 2120 700 2198 Quid
722 2122 776 2202 ait,
798 2122 855 2187 ubi
876 2144 928 2188 me
949 2122 1114 2188 nomines?

310 2226 354 2295 .S.
400 2227 465 2294 Ubi
488 2229 571 2307 dieo,
597 2228 715 2294 redisse
737 2233 783 2308 te,
805 2228 889 2312 apud
911 2250 970 2294 nos
993 2228 1079 2294 domi
1102 2251 1178 2314 esse,
1201 2228 1313 2294 timere
1336 2227 1440 2312 patris
1523 2309 1524 2314 ἵ

264 2336 359 2415 itm,
389 2335 458 2401 illez
499 2337 604 2418 „Dum
630 2336 723 2401 illum
754 2336 849 2401 modo
880 2335 1016 2402 habeam
1042 2357 1178 2414 meeum3
1211 2336 1303 2420 cupio
1330 2335 1437 2420 ipsum

259 2443 328 2528 jem
356 2442 480 2508 videre“
507 2447 539 2508 et
565 2443 705 2510 lacrimis
733 2443 843 2527 opplet
870 2465 905 2508 os
927 2447 1032 2510 totum
1055 2442 1129 2522 sibi,
1155 2447 1192 2507 ut
1215 2442 1309 2508 facile
1332 2443 1439 2521 scires,
1524 2452 1525 2512 Τ

205 2547 241 2605 ²⁰
259 2549 413 2616 desiderio
434 2550 469 2614 id
489 2549 567 2616 fieri.

315 2652 392 2722 Clio.
438 2655 516 2740 Syre
546 2657 605 2736 mi,
636 2656 780 2734 obsecro,
812 2679 853 2721 ne
883 2679 934 2721 me
965 2657 1000 2721 in
1030 2657 1186 2722 laetitiam
1216 2656 1335 2722 frustra
1361 2679 1439 2722 oon-

260 2762 368 2846 jioies!
532 2760 564 2829 S.
611 2761 687 2830 Non
710 2767 758 2828 est
779 2763 907 2829 mentiri
929 2785 1043 2829 meum.

312 2866 389 2934 Clio.
434 2868 553 2948 Metuo,
577 2869 653 2953 quid
676 2891 779 2955 egem.
942 2869 976 2934 S.
1022 2869 1120 2936 Peter
1142 2891 1214 2935 eece
1236 2870 1373 2936 advenit.

313 2973 390 3040 Clio.
435 2975 526 3040 Dedo
548 2976 633 3060 petri
654 2998 705 3041 me
727 2999 812 3042 nuno
832 2977 899 3061 jem
920 2982 957 3044 ut
978 2976 1137 3061 frugalior
1159 2977 1219 3042 sim
1242 2999 1339 3062 quem
1360 2977 1438 3041 vult

209 3084 246 3139 25
308 3082 391 3149 Men.
437 3081 580 3148 Videsne
612 3082 770 3150 Cliniam?
816 3083 923 3164 Salve,
954 3083 999 3149 mi
1030 3085 1146 3150 enimet
1191 3081 1219 3150 O
1251 3084 1295 3150 mi
1327 3083 1442 3161 Clinia,

266 3191 367 3257 selvo!
405 3189 536 3257 Salvum
558 3189 678 3256 redisse
699 3192 832 3277 gaudeo.
877 3189 983 3256 Teneo
1004 3193 1049 3256 te!

314 3295 391 3363 Clio.
435 3297 581 3378 Peoosvi,
612 3302 714 3382 pater,
746 3298 855 3364 fateor.
904 3297 1000 3363 Nunc
1027 3297 1088 3363 hoc
1115 3298 1259 3378 obsecro,
1286 3301 1322 3363 ut
1349 3317 1442 3362 mene

267 3403 422 3470 stultitiae
445 3404 613 3470 clementie
634 3407 690 3470 tue
713 3405 755 3470 sit
777 3405 898 3490 aliquid
920 3405 1077 3489 praesidii.

306 3509 389 3574 Men.
435 3510 541 3576 Multo
573 3511 714 3576 omnium
745 3534 796 3578 me
827 3533 910 3576 nuno
941 3511 1227 3580 fortunatissimum
1253 3515 1332 3596 puto
1360 3532 1441 3590 esse,

208 3616 245 3672 30
265 3620 372 3703 gnate,
394 3639 466 3684 oum
487 3621 520 3683 te
542 3617 688 3704 intelligo
709 3619 864 3704 resipisse.

310 3721 389 3790 Clio.
433 3724 514 3790 Prne
537 3724 664 3811 gaudio,
686 3725 732 3789 iu
754 3747 806 3791 me
828 3725 861 3790 di
883 3730 999 3806 ament,
1021 3726 1077 3791 ubi
1099 3726 1159 3792 sim
1181 3726 1296 3792 neseio.

307 3829 381 3918 Syr.
427 3830 475 3898 Its
497 3831 595 3912 intr0;
617 3853 692 3898 num
714 3853 771 3898 vos
790 3833 856 3917 jem
880 3833 998 3900 dudum
1021 3838 1183 3919 exspectet
1204 3856 1306 3902 senen

634 3938 702 4006 Vos
724 3939 827 4005 valete
850 3943 882 4004 et
903 3939 1058 4024 plaudite!

735 4211 947 4221 -—-—--.-.—
