3074 4934
668 259 730 318 129

115 431 203 496 solus
227 431 368 496 omnium
391 431 512 515 spirans
535 431 680 496 sublatus
704 435 751 496 est
774 436 869 517 atque
893 432 1038 518 diligenti
1062 454 1192 498 suorum
1214 457 1289 500 eura
1308 443 1324 471 ⁴*

114 538 262 616 refectus,
285 560 356 603 oum
370 537 454 602 inter
468 538 569 602 multa
589 538 719 602 vulnera
741 539 939 603 mortiferum
963 539 1086 604 nullum
1109 540 1321 624 accepisset*

115 644 285 712 convaluit.
335 645 479 709 Donatus
513 651 561 710 est
588 666 704 710 corona
729 645 906 731 graminea,
939 668 1002 730 qua
1029 647 1119 711 nulla
1145 647 1207 712 fuit
1233 670 1291 712 no-

115 752 238 816 bilior⁶.
284 751 426 836 Contigit
453 752 537 816 enim
563 753 644 817 nulli
670 752 733 816 nisi
760 753 801 817 ab
829 753 976 818 universo
1002 754 1143 819 exercitu
1165 759 1290 820 servato

115 857 268 924 decrerat
330 859 456 924 Ceterae
495 859 702 943 imperatores
738 859 894 925 militibus
932 861 1026 941 dant,
1069 862 1151 926 hano
1188 862 1290 926 solam
1308 873 1325 908 *

116 965 228 1030 milee⁷
259 966 452 1050 imperatori.
496 967 641 1032 Dabatur
671 967 765 1031 viridi
792 990 809 1032 e
836 966 999 1052 gramine⁸
1031 969 1178 1053 decerpto
1207 968 1290 1046 inde,

115 1072 175 1136 ubi
198 1073 341 1138 obsessos
364 1077 518 1138 servasset
541 1073 663 1158 aliquis.

165 1240 194 1299 4.
242 1233 276 1299 L.
312 1233 433 1299 Manlio
465 1234 605 1298 Vulsone
635 1234 678 1300 Μ.
711 1234 835 1300 Aulio
867 1235 1015 1321 Regulo
1053 1235 1153 1301 coss.1
1195 1235 1287 1301 victis

116 1339 224 1405 navali
255 1339 376 1423 proelio
402 1340 517 1405 Poenis
544 1341 627 1424 apud
653 1341 860 1406 Ecnomum
886 1343 1141 1426 promontorium
1167 1343 1288 1410 bellum

115 1447 152 1511 in
189 1447 331 1512 Africam
372 1448 561 1513 translatum
599 1453 655 1514 est.
715 1448 823 1514 Prima
861 1448 980 1534 Clupea
1016 1450 1106 1528 urbs,
1148 1471 1229 1533 qnae
1267 1455 1341 1514 ald

116 1553 239 1618 Punico
271 1554 364 1618 litore
396 1555 486 1639 quasi
518 1578 574 1619 arx
601 1559 633 1619 et
659 1556 788 1639 specula
815 1556 985 1640 procurrit,
1018 1561 1201 1640 expugnata
1228 1560 1291 1634 est,

114 1661 281 1744 complura
313 1661 424 1726 deinde
456 1662 586 1727 castella
613 1667 705 1746 capta
734 1686 770 1728 ac
794 1663 899 1727 diruta
925 1665 1010 1728 sunt.
1060 1662 1211 1727 Consules
1239 1684 1291 1726 us·
1312 1667 1327 1698 ⁴*

113 1789 182 1852 que
212 1767 251 1830 ad
280 1767 503 1854 Carthaginem
535 1774 768 1853 processerunt,
800 1769 1009 1854 omnibusque
1042 1768 1127 1834 circa
1159 1769 1290 1832 vastatis

116 1872 258 1938 Manlius
289 1875 400 1939 consul
426 1875 561 1940 Romam
592 1876 699 1955 rediit,
731 1875 856 1960 Regulo
883 1875 1051 1958 imperium
1078 1879 1286 1960 prorogatum

115 1985 177 2046 est.
221 1979 257 2045 Id
279 1980 402 2065 ipsum²
424 2003 481 2065 per
503 1982 626 2046 litteras
649 1983 689 2046 ad
712 1987 856 2047 senatum
878 1983 989 2046 missas
1014 1987 1143 2067 questus
1167 1985 1228 2060 est,
1256 1980 1346 2044 iu15
1380 1975 1383 1982 ’

114 2087 235 2172 quibus
272 2088 356 2153 inter
393 2111 502 2154 causas
533 2089 660 2172 petendi
691 2087 897 2154 successoris³
930 2093 1011 2168 erat,
1050 2089 1135 2172 quod
1167 2088 1291 2172 agellus

114 2217 195 2259 suus
216 2195 322 2260 villico
345 2199 470 2259 mortuo
494 2218 513 2258 a
535 2195 757 2259 mercennariis
780 2195 920 2259 desertus
944 2198 1039 2273 esset,
1061 2195 1131 2258 ideo
1155 2191 1294 2277 petere⁴,

113 2307 156 2366 ut
183 2301 263 2366 sibi⁶
289 2323 450 2367 successor
477 2302 669 2380 mitteretur,
701 2325 741 2366 ne
769 2303 891 2366 deserto
920 2323 996 2387 agro
1025 2299 1179 2378 deesset⁶,
1209 2301 1292 2365 unde

112 2430 198 2473 uxor
224 2431 260 2472 ao
283 2408 376 2473 liberi
398 2408 448 2473 sui
471 2409 639 2476 alerentur.
685 2409 772 2486 Quae
795 2412 963 2493 postquam
986 2413 1113 2473 senatus
1137 2405 1290 2490 aceepit⁷,

114 2519 151 2580 et
172 2536 284 2600 agrum
301 2515 392 2579 Atilii
414 2515 488 2580 ilico
512 2516 678 2580 colendum
701 2513 820 2580 locari8
843 2519 874 2580 et
897 2515 1047 2580 alimenta
1070 2515 1199 2600 conjugi
1222 2515 1290 2598 ejus
1310 2522 1347 2576 20

117 2643 157 2685 ac
189 2621 296 2686 liberis
333 2622 490 2705 praeberi,
526 2644 654 2707 resque,
691 2645 769 2707 quas
808 2622 987 2704 amiseratl,
1019 2623 1131 2688 redimi
1167 2623 1295 2706 publice

111 2728 220 2814 jussit.

164 2895 193 2954 5.
238 2889 380 2975 Regulus
412 2889 583 2972 proconsul
613 2888 647 2954 in
675 2889 786 2954 Africa
817 2890 946 2955 relictus
974 2889 1098 2956 Poenos
1126 2890 1193 2954 acie
1220 2889 1291 2954 vin·

116 2996 178 3074 cit,
216 2995 372 3061 Tunetem
412 2996 508 3079 capit,
550 2995 684 3080 denique
721 2996 947 3081 Carthaginem
984 2996 1087 3080 ipsam
1129 2996 1294 3061 obsidione

114 3103 243 3186 premit.
289 3102 370 3167 Tum
398 3103 473 3168 victi
500 3101 775 3188 Carthaginienses
803 3125 914 3187 pacem
940 3103 1105 3187 petierunt.
1152 3103 1195 3168 M.
1225 3103 1287 3168 Re·
1307 3107 1344 3162 25

112 3210 227 3294 gulus,
254 3211 311 3294 qui
338 3231 371 3274 se
399 3215 515 3274 certam
542 3210 575 3274 in
603 3232 698 3274 manu
725 3210 841 3274 habere
868 3209 1033 3274 victoriam
1056 3213 1206 3292 putaret,
1234 3208 1302 3272 ini.

111 3317 286 3402 quissimas
318 3316 393 3381 tulit
424 3317 510 3400 pacis
543 3318 737 3382 conditiones
765 3317 960 3400 legatisque,
995 3319 1030 3380 ut
1058 3312 1207 3399 aequiora
1238 3316 1298 3380 im-

112 3423 275 3509 peraret¹,
298 3424 471 3502 orantibus,
494 3424 682 3488 vincendum
705 3428 760 3488 aut
785 3423 980 3487 vincentibus
1005 3423 1297 3506 obtemperandum

116 3552 201 3608 esse,
230 3532 402 3616 respondit.
452 3531 522 3609 Qua
553 3553 587 3596 re
617 3532 797 3596 exacerbati
830 3530 930 3594 Poeni
963 3529 1071 3596 omnia
1104 3530 1192 3614 prius
1225 3529 1296 3614 pati

116 3640 337 3716 decreverunt,
365 3659 461 3722 quam
488 3660 540 3702 eas
567 3639 732 3703 admittere
756 3637 964 3717 conditiones,
992 3659 1071 3721 quas
1094 3635 1177 3700 nihil
1200 3637 1287 3700 aliud
1307 3639 1342 3695 30

118 3743 183 3808 nisi
209 3744 345 3809 civitatis
375 3745 559 3809 servitutem
585 3767 652 3809 esse
680 3743 945 3815 arbitrabantur⁹.
998 3743 1059 3808 Sed
1083 3743 1121 3807 de
1145 3739 1299 3806 suorum8

116 3851 235 3915 ducum
276 3851 392 3916 virtute
430 3852 630 3934 desperantes
668 3850 889 3934 Xanthippo
929 3843 1206 3928 Lacedaemonm,
1244 3848 1301 3932 qui

117 3958 350 4022 mercennarios
389 3979 406 4022 e
438 3957 568 4023 Graecia
605 3957 777 4022 conductos
815 3956 962 4035 ducebat,
1001 3956 1102 4020 totius
1142 3955 1299 4019 exercitus

116 4063 287 4147 imperium
314 4065 469 4131 deferunt.
514 4063 545 4129 Is
572 4065 640 4129 sola
666 4064 728 4128 loci
755 4062 1003 4128 commutatione
1033 4063 1193 4128 fortunam
1217 4061 1297 4125 belli

115 4171 281 4238 convertit.
332 4170 417 4237 Nam
444 4193 517 4236 oum
543 4171 831 4250 animadvertisset,
864 4170 975 4250 Afros,
1009 4169 1064 4253 qui
1092 4167 1235 4251 equitatu
1263 4170 1295 4231 et
1313 4172 1350 4227 35

116 4275 297 4360 elephantis
321 4279 537 4361 praestabant,
565 4278 662 4342 colles
685 4274 828 4355 sectant
858 4299 876 4341 a
900 4275 1053 4341 Romanis
1078 4279 1194 4352 autem,
1218 4294 1300 4358 quo·

116 4403 191 4447 rum
216 4385 315 4450 robur
341 4385 374 4448 in
398 4386 502 4468 pedite
525 4389 605 4464 erat,
633 4406 761 4468 campos
786 4383 901 4462 teneri,
929 4383 1052 4448 Poenos
1078 4382 1111 4446 in
1135 4381 1302 4464 planitiem

174 4507 340 4561 Lattmann,
355 4509 474 4551 Cornelius
487 4510 564 4558 Nepos
579 4509 668 4550 emend.
683 4512 706 4550 et
719 4509 794 4557 suppl.
823 4508 866 4547 Itd.
883 4505 961 4558 VEL!
1124 4488 1140 4541 9
