3074 4934
804 268 867 330 134

250 443 305 527 qui
332 442 399 507 eius
426 442 621 508 voluntatem
651 441 873 528 explorarent*
900 443 1072 526 daremque
1100 461 1242 524 operam,
1268 438 1325 503 ut⁶
1347 461 1425 504 con·

247 548 328 614 siliis
348 547 571 630 clandestinis⁶
586 549 802 614 Hannibalem
822 548 857 614 in
879 547 1089 634 suspicionem
1112 547 1184 631 regi
1206 547 1425 624 adducerent⁷,

215 663 231 693 ⁴*
248 661 411 742 tamquam
439 656 479 720 ab
506 656 583 740 ipsis
611 660 777 740 corruptus
805 656 869 722 alia
896 660 992 740 atque
1014 657 1107 718 antea
1130 652 1293 732 sentiret⁸,
1319 675 1424 737 neque

248 763 280 826 id
308 761 426 827 frustra
453 761 621 827 fecissent⁰
643 761 923 847 idque-Hannibal
946 763 1168 848 comperissst⁹
1192 784 1287 848 seque
1310 763 1351 828 ab
1374 765 1424 828 in·

214 869 417 950 tterioribus
445 867 585 934 consiliis
613 869 775 955 segregari
797 867 960 948 vidisset⁸,
987 873 1129 954 tempore
1151 868 1259 936 dato¹⁰
1282 871 1360 934 adiit
1383 871 1425 936 ad

248 997 370 1061 regem,
401 975 493 1060 eique
524 997 597 1040 cum
628 975 729 1041 multa
761 977 798 1042 de
830 977 892 1041 fide
920 999 978 1041 sua
1006 981 1039 1042 et
1065 977 1138 1042 odio
1165 976 1234 1040 in¹1
1260 975 1424 1042 Romanos

249 1087 535 1162 commemorasset,
561 1081 622 1147 hoc
650 1083 806 1149 adiunxit:
852 1082 947 1149 Pater
974 1105 1076 1162 meus,
1104 1084 1221 1168 inquit,
1249 1083 1425 1161 Hamilcar,
1533 1089 1534 1092 ’

248 1190 381 1274 puerulo
412 1189 511 1270 men,
548 1193 658 1273 utpote
689 1211 755 1255 non
786 1189 922 1275 amplius
954 1212 1068 1256 novem
1095 1213 1195 1256 annos
1226 1189 1350 1269 aaron,
1389 1190 1424 1254 in

248 1296 437 1379 Hispaniam
478 1297 650 1382 imperator
686 1296 920 1380 proficiscens¹²
959 1296 1149 1382 Carthagine
1185 1295 1262 1362 Jovi
1299 1296 1423 1382 optimo

197 1409 231 1462 10
249 1400 423 1467 maxim0¹⁸
454 1403 576 1467 hostias
607 1403 792 1467 immolavit
844 1399 931 1480 Quae
963 1403 1069 1468 divina
1094 1425 1144 1468 res
1173 1405 1248 1468 dum
1276 1403 1423 1468 conficie-

248 1507 385 1587 batur14,
409 1509 564 1593 quaesivit
584 1508 711 1587 ame¹⁶,
733 1509 888 1574 vellemne
911 1508 1052 1574 secum¹⁶
1074 1510 1107 1573 in
1131 1513 1233 1574 castra
1255 1510 1424 1594 proficisci.

248 1614 285 1681 Id
313 1637 384 1679 cum
406 1615 543 1680 libenter
565 1614 775 1699 accepissem8
798 1620 893 1700 atque
916 1616 956 1681 ab
979 1637 1016 1681 eo
1040 1615 1182 1699 petere¹⁶
1205 1615 1424 1700 coepissem¹⁷,
1534 1645 1535 1692 ῃ

248 1745 288 1788 ne
316 1722 494 1788 dubitaret⁶
523 1745 573 1788 me
597 1745 704 1788 secum
726 1722 886 1803 ducere²⁸,
913 1728 982 1788 tum
1004 1723 1073 1788 ille:
1101 1723 1237 1802 Faciam,
1259 1723 1373 1806 inquit,
1396 1724 1424 1787 si

248 1829 328 1893 mihi
354 1830 461 1908 fidem,
488 1853 584 1915 quam
610 1830 751 1914 postulo,
780 1828 943 1896 dederis¹⁹.
989 1829 1091 1896 Simul
1120 1851 1170 1894 me
1194 1831 1234 1894 ad
1257 1851 1345 1894 aram
1368 1831 1423 1894 ad-

197 1942 230 1996 15
249 1937 348 2015 duxit,
372 1937 455 2022 apud
475 1961 570 2022 quam
593 1938 768 2003 sacrificare
790 1938 981 2018 instituerat,
1005 1959 1136 2022 eamque
1159 1937 1270 2002 ceteris
1292 1938 1424 2001 remotis

249 2049 407 2110 tenentem
422 2047 526 2110 iurare
548 2041 683 2123 iussitffl,
705 2066 869 2128 nunquam
891 2065 942 2108 me
964 2043 998 2108 in
1021 2044 1160 2108 amicitia
1183 2064 1254 2107 oum
1269 2041 1423 2107 Romanis
1535 2129 1536 2132 Ἴ

248 2153 325 2220 fore.
374 2153 410 2217 Id
443 2175 503 2238 ego
535 2151 753 2216 iusiurandum
785 2151 869 2234 patri
897 2152 1007 2216 datum
1032 2173 1133 2235 usque
1160 2151 1200 2215 ad
1227 2151 1309 2214 hanc
1337 2154 1422 2214 aeta-
1535 2157 1536 2160 ’

248 2259 348 2324 te1n²1
379 2261 424 2326 ita
457 2259 652 2338 conservavi,
683 2262 721 2323 ut
753 2258 871 2323 nemini
900 2258 1031 2322 dubium
1059 2281 1125 2322 esse
1153 2258 1277 2336 debeat,
1309 2256 1424 2341 quin²²

248 2367 371 2452 reliquo
398 2372 540 2451 tempore
567 2368 676 2431 eadem
702 2369 808 2430 mente
835 2365 895 2430 sim
922 2363 1089 2430 futurus28.
1141 2363 1257 2443 Quare,
1289 2364 1316 2428 si
1344 2363 1424 2448 quid

195 2475 230 2530 20
249 2474 347 2560 amice
377 2475 414 2538 de
437 2473 588 2538 Romanis
612 2470 815 2558 cogitabisffl,
843 2493 908 2537 non
930 2472 1146 2556 imprudenter
1168 2471 1292 2550 feceris,
1321 2471 1348 2534 si
1371 2493 1424 2534 me

249 2578 439 2644 celaveris²⁶.
487 2579 566 2644 Cum
595 2580 721 2664 quidem
747 2578 868 2644 bellum
895 2577 1070 2664 parabis²⁶,
1097 2584 1129 2644 te
1156 2579 1260 2663 ipsum
1287 2577 1424 2642 frustra-

248 2687 341 2765 beris,
359 2686 391 2751 si
413 2708 478 2750 non
500 2709 551 2750 me
573 2687 607 2750 in
630 2707 667 2750 eo
689 2685 864 2769 principem
885 2685 1104 2769 posueris²⁷¹¹.

295 2905 323 2966 3.
368 2898 438 2963 Hac
465 2897 577 2984 igitur,
611 2921 673 2982 qua
700 2893 848 2978 diximus,
881 2897 1002 2964 aetate1
1030 2919 1101 2962 cum
1127 2902 1217 2984 patre
1243 2897 1278 2962 in
1304 2897 1425 2982 Hispa·

248 3006 333 3070 niam
364 3005 525 3089 profectus
558 3009 613 3070 est.
667 3004 762 3070 Cuius
793 3009 868 3089 post
896 3005 1030 3084 obitum,
1062 3004 1425 3089 Hasdrubale-impera-

196 3115 230 3169 25
249 3117 318 3178 tore
341 3111 504 3192 suffect02,
533 3112 690 3198 equitatui
712 3113 798 3176 omni
820 3112 966 3195 praefuit.
1012 3111 1083 3177 Hoc
1107 3133 1232 3196 quoque
1254 3112 1426 3178 interfecto

250 3220 405 3284 exercitus
437 3241 593 3284 summam
624 3219 749 3304 imperii
781 3219 820 3282 ad
852 3241 924 3283 eum
956 3219 1079 3284 detulit.
1128 3219 1165 3284 Id
1197 3218 1427 3304 Carthaginem

216 3331 231 3361 ⁴*
250 3324 409 3391 delatum8
446 3326 573 3410 publice
611 3326 852 3410 comprobatum
890 3330 945 3418 est.
1000 3325 1053 3392 Sic
1085 3326 1259 3406 Hannibal,
1297 3348 1353 3390 sex
1392 3331 1428 3391 et

248 3431 363 3517 viginti
390 3454 489 3496 annos
511 3430 625 3497 natus⁴
647 3433 820 3516 imperator
842 3432 959 3510 factus,
985 3431 1131 3517 proximo
1154 3432 1426 3498 triennio‘omnes

250 3543 361 3623 gentes
392 3539 565 3623 Hispaniae
596 3539 683 3604 bello
715 3539 849 3624 subegit.
904 3538 1096 3624 Saguntum,
1132 3539 1326 3604 foederatam
1357 3539 1426 3604 Ro·

197 3651 231 3707 30
249 3645 351 3710 manis
374 3645 543 3725 civitatem,
566 3645 774 3730 oppugnavit,
799 3644 899 3730 quae⁶
922 3645 1119 3730 oppugnatio
1143 3667 1238 3710 causa
1260 3645 1324 3710 fuit
1345 3645 1428 3710 belli

247 3749 361 3816 Punici
381 3753 517 3816 secundi.
563 3751 697 3818 Senatus
712 3751 875 3817 Romanus
890 3753 1013 3838 legatos
1036 3752 1077 3816 ad
1092 3751 1302 3816 Hannibalem
1327 3751 1428 3832 misit,

248 3862 285 3923 ut
304 3881 323 3923 a
339 3858 482 3943 Sagunto
505 3855 690 3924 recederat
737 3857 816 3922 Cum
837 3879 902 3923 non
923 3863 1061 3943 pareret,
1084 3858 1183 3944 legati
1198 3858 1428 3944 Carthaginem

248 3964 361 4031 ierunt.
407 3964 575 4050 Saguntini
599 3965 720 4029 interea
746 3964 831 4030 fame
853 3965 929 4030 victi
952 3969 1026 4030 sunt
1048 3963 1215 4049 captique⁷
1240 3965 1279 4029 ab
1299 3964 1428 4030 Hanni-

248 4071 320 4136 bale
357 4071 477 4136 ultimis
512 4071 675 4155 suppliciis
707 4071 820 4138 affecti.
874 4071 957 4137 Tum
988 4072 1023 4138 P.
1056 4070 1261 4137 Cornelius
1294 4070 1426 4156 Scipio

195 4184 230 4239 35
249 4178 359 4242 consul
375 4201 447 4243 cum
463 4178 603 4243 exercitu
618 4178 651 4242 in
667 4159 854 4262 Hispaniam
869 4179 1029 4263 profectus
1045 4183 1101 4256 est,
1123 4177 1303 4243 Tiberius
1318 4177 1427 4243 Sem-

247 4284 404 4366 pronius
425 4285 459 4348 in
485 4282 635 4362 Siciliam,
656 4283 730 4348 inde
752 4285 786 4348 in
807 4283 949 4349 Africam
972 4285 1173 4368 trajectarum
1204 4283 1325 4348 bellum
1347 4283 1427 4350 Car-

248 4388 498 4472 thaginiensibus
530 4389 685 4455 indictum
722 4395 776 4457 est.
831 4391 1007 4471 Hannibal,
1043 4391 1156 4456 relicto
1196 4389 1229 4455 in
1266 4389 1429 4474 Hispania
